@inproceedings{Jense07,
	Publisher = {IEEE Computer Society},
	Doi = {http://dx.doi.org/10.1109/ICSE.2007.74},
	Isbn = {0-7695-2828-7},
	Date-Modified = {2013-02-25 16:33:21 +0000},
	Author = {Jensen,, Chris and Scacchi,, Walt},
	Booktitle = {ICSE '07: Proceedings of the 29th international conference on Software Engineering},
	Title = {Role Migration and Advancement Processes in {OSSD} Projects: A Comparative Case Study},
	Year = {2007},
	Address = {Washington, DC, USA},
	Bdsk-File-1 = {YnBsaXN0MDDUAQIDBAUGJCVYJHZlcnNpb25YJG9iamVjdHNZJGFyY2hpdmVyVCR0b3ASAAGGoKgHCBMUFRYaIVUkbnVsbNMJCgsMDxJXTlMua2V5c1pOUy5vYmplY3RzViRjbGFzc6INDoACgAOiEBGABIAFgAdccmVsYXRpdmVQYXRoWWFsaWFzRGF0YV8QWFJvbGUgTWlncmF0aW9uIGFuZCBBZHZhbmNlbWVudCBQcm9jZXNzZXMgaW4gT1NTRCBQcm9qZWN0czogQSBDb21wYXJhdGl2ZSBDYXNlIFN0dWR5MC5wZGbSFwsYGVdOUy5kYXRhTxECnAAAAAACnAACAAAMTWFjaW50b3NoIEhEAAAAAAAAAAAAAAAAAAAAy2htzkgrAAAALxiSH1JvbGUgTWlncmF0aW9uIGFuZCBBIzJGMTk1QS5wZGYAAAAAAAAAAAAAAAAAAAAAAAAAAAAAAAAAAAAAAAAAAAAvGVrFyCqOAAAAAAAAAAAAAQACAAAJIAAAAAAAAAAAAAAAAAAAAAdzb2Z0ZW5nAAAQAAgAAMtoX74AAAARAAgAAMXIHH4AAAABABQALxiSAC8XWwAvFkYABch2AAC5VgACAFtNYWNpbnRvc2ggSEQ6VXNlcnM6AGdvdXNpb3NnOgBEb2N1bWVudHM6AGJpYmxpc3RzOgBzb2Z0ZW5nOgBSb2xlIE1pZ3JhdGlvbiBhbmQgQSMyRjE5NUEucGRmAAAOALIAWABSAG8AbABlACAATQBpAGcAcgBhAHQAaQBvAG4AIABhAG4AZAAgAEEAZAB2AGEAbgBjAGUAbQBlAG4AdAAgAFAAcgBvAGMAZQBzAHMAZQBzACAAaQBuACAATwBTAFMARAAgAFAAcgBvAGoAZQBjAHQAcwAvACAAQQAgAEMAbwBtAHAAYQByAGEAdABpAHYAZQAgAEMAYQBzAGUAIABTAHQAdQBkAHkAMAAuAHAAZABmAA8AGgAMAE0AYQBjAGkAbgB0AG8AcwBoACAASABEABIAglVzZXJzL2dvdXNpb3NnL0RvY3VtZW50cy9iaWJsaXN0cy9zb2Z0ZW5nL1JvbGUgTWlncmF0aW9uIGFuZCBBZHZhbmNlbWVudCBQcm9jZXNzZXMgaW4gT1NTRCBQcm9qZWN0czogQSBDb21wYXJhdGl2ZSBDYXNlIFN0dWR5MC5wZGYAEwABLwAAFQACAA///wAAgAbSGxwdHlokY2xhc3NuYW1lWCRjbGFzc2VzXU5TTXV0YWJsZURhdGGjHR8gVk5TRGF0YVhOU09iamVjdNIbHCIjXE5TRGljdGlvbmFyeaIiIF8QD05TS2V5ZWRBcmNoaXZlctEmJ1Ryb290gAEACAARABoAIwAtADIANwBAAEYATQBVAGAAZwBqAGwAbgBxAHMAdQB3AIQAjgDpAO4A9gOWA5gDnQOoA7EDvwPDA8oD0wPYA+UD6AP6A/0EAgAAAAAAAAIBAAAAAAAAACgAAAAAAAAAAAAAAAAAAAQE},
	Pages = {364--374},
	Date-Added = {2009-02-23 11:26:12 +0200},
}

@inproceedings{Pilat06,
	Numpages = {6},
	Publisher = {ACM},
	Doi = {10.1145/1138506.1138517},
	Isbn = {1-59593-404-9},
	Date-Modified = {2013-02-08 13:00:31 +0000},
	Author = {Pilatti, Leonardo and Audy, Jorge Luis Nicolas and Prikladnicki, Rafael},
	Url = {http://doi.acm.org/10.1145/1138506.1138517},
	Series = {GSD '06},
	Booktitle = {Proceedings of the 2006 international workshop on Global software development for the practitioner},
	Acmid = {1138517},
	Bdsk-Url-2 = {http://dx.doi.org/10.1145/1138506.1138517},
	Bdsk-Url-1 = {http://doi.acm.org/10.1145/1138506.1138517},
	Keywords = {global software development, software configuration management, software process improvement},
	Year = {2006},
	Title = {Software configuration management over a global software development environment: lessons learned from a case study},
	Location = {Shanghai, China},
	Address = {New York, NY, USA},
	Pages = {45--50},
	Date-Added = {2013-02-08 13:00:24 +0000},
}

@article{Lessm08,
	Author = {Lessmann, Stefan and Baesens, Bart and Mues, Christophe and Pietsch, Swantje},
	Acmid = {1446245},
	Date-Added = {2013-02-20 14:19:12 +0000},
	Numpages = {12},
	Journal = {IEEE Trans. Softw. Eng.},
	Title = {Benchmarking Classification Models for Software Defect Prediction: A Proposed Framework and Novel Findings},
	Volume = {34},
	Address = {Piscataway, NJ, USA},
	Pages = {485--496},
	Publisher = {IEEE Press},
	Doi = {10.1109/TSE.2008.35},
	Date-Modified = {2013-02-20 14:19:19 +0000},
	Url = {http://dx.doi.org/10.1109/TSE.2008.35},
	Issn = {0098-5589},
	Issue_Date = {July 2008},
	Number = {4},
	Month = jul,
	Year = {2008},
	Keywords = {Complexity measures, Complexity measures, Data mining, Formal methods, Statistical methods, Data mining, Formal methods, Statistical methods},
	Bdsk-File-1 = {YnBsaXN0MDDUAQIDBAUGJCVYJHZlcnNpb25YJG9iamVjdHNZJGFyY2hpdmVyVCR0b3ASAAGGoKgHCBMUFRYaIVUkbnVsbNMJCgsMDxJXTlMua2V5c1pOUy5vYmplY3RzViRjbGFzc6INDoACgAOiEBGABIAFgAdccmVsYXRpdmVQYXRoWWFsaWFzRGF0YV8QbkJlbmNobWFya2luZyBDbGFzc2lmaWNhdGlvbiBNb2RlbHMgZm9yIFNvZnR3YXJlIERlZmVjdCBQcmVkaWN0aW9uIEEgUHJvcG9zZWQgRnJhbWV3b3JrIGFuZCBOb3ZlbCBGaW5kaW5nczAucGRm0hcLGBlXTlMuZGF0YU8RAt4AAAAAAt4AAgAADE1hY2ludG9zaCBIRAAAAAAAAAAAAAAAAAAAAMtobc5IKwAAAC8Ykh9CZW5jaG1hcmtpbmcgQ2xhc3NpIzE4NjYwRjIucGRmAAAAAAAAAAAAAAAAAAAAAAAAAAAAAAAAAAAAAAAAAAABhmDyzUqZ4AAAAAAAAAAAAAEAAgAACSAAAAAAAAAAAAAAAAAAAAAHc29mdGVuZwAAEAAIAADLaF++AAAAEQAIAADNSovQAAAAAQAUAC8YkgAvF1sALxZGAAXIdgAAuVYAAgBbTWFjaW50b3NoIEhEOlVzZXJzOgBnb3VzaW9zZzoARG9jdW1lbnRzOgBiaWJsaXN0czoAc29mdGVuZzoAQmVuY2htYXJraW5nIENsYXNzaSMxODY2MEYyLnBkZgAADgDeAG4AQgBlAG4AYwBoAG0AYQByAGsAaQBuAGcAIABDAGwAYQBzAHMAaQBmAGkAYwBhAHQAaQBvAG4AIABNAG8AZABlAGwAcwAgAGYAbwByACAAUwBvAGYAdAB3AGEAcgBlACAARABlAGYAZQBjAHQAIABQAHIAZQBkAGkAYwB0AGkAbwBuACAAQQAgAFAAcgBvAHAAbwBzAGUAZAAgAEYAcgBhAG0AZQB3AG8AcgBrACAAYQBuAGQAIABOAG8AdgBlAGwAIABGAGkAbgBkAGkAbgBnAHMAMAAuAHAAZABmAA8AGgAMAE0AYQBjAGkAbgB0AG8AcwBoACAASABEABIAmFVzZXJzL2dvdXNpb3NnL0RvY3VtZW50cy9iaWJsaXN0cy9zb2Z0ZW5nL0JlbmNobWFya2luZyBDbGFzc2lmaWNhdGlvbiBNb2RlbHMgZm9yIFNvZnR3YXJlIERlZmVjdCBQcmVkaWN0aW9uIEEgUHJvcG9zZWQgRnJhbWV3b3JrIGFuZCBOb3ZlbCBGaW5kaW5nczAucGRmABMAAS8AABUAAgAP//8AAIAG0hscHR5aJGNsYXNzbmFtZVgkY2xhc3Nlc11OU011dGFibGVEYXRhox0fIFZOU0RhdGFYTlNPYmplY3TSGxwiI1xOU0RpY3Rpb25hcnmiIiBfEA9OU0tleWVkQXJjaGl2ZXLRJidUcm9vdIABAAgAEQAaACMALQAyADcAQABGAE0AVQBgAGcAagBsAG4AcQBzAHUAdwCEAI4A/wEEAQwD7gPwA/UEAAQJBBcEGwQiBCsEMAQ9BEAEUgRVBFoAAAAAAAACAQAAAAAAAAAoAAAAAAAAAAAAAAAAAAAEXA==},
}

@inproceedings{Anvik06,
	Publisher = {ACM},
	Isbn = {1-59593-375-1},
	Date-Modified = {2009-03-19 21:54:54 +0200},
	Author = {Anvik,, John and Hiew,, Lyndon and Murphy,, Gail C.},
	Abstract = {Open source development projects typically support an open bug repository to which both developers and users can report bugs. The reports that appear in this repository must be triaged to determine if the report is one which requires attention and if it is, which developer will be assigned the responsibility of resolving the report. Large open source developments are burdened by the rate at which new bug reports appear in the bug repository. In this paper, we present a semi-automated approach intended to ease one part of this process, the assignment of reports to a developer. Our approach applies a machine learning algorithm to the open bug repository to learn the kinds of reports each developer resolves. When a new report arrives, the classifier produced by the machine learning technique suggests a small number of developers suitable to resolve the report. With this approach, we have reached precision levels of 57% and 64% on the Eclipse and Firefox development projects respectively. We have also applied our approach to the gcc open source development with less positive results. We describe the conditions under which the approach is applicable and also report on the lessons we learned about applying machine learning to repositories used in open source development.},
	Title = {Who should fix this bug?},
	Pages = {361--370},
	Year = {2006},
	Location = {Shanghai, China},
	Address = {New York, NY, USA},
	Bdsk-File-1 = {YnBsaXN0MDDUAQIDBAUGJCVYJHZlcnNpb25YJG9iamVjdHNZJGFyY2hpdmVyVCR0b3ASAAGGoKgHCBMUFRYaIVUkbnVsbNMJCgsMDxJXTlMua2V5c1pOUy5vYmplY3RzViRjbGFzc6INDoACgAOiEBGABIAFgAdccmVsYXRpdmVQYXRoWWFsaWFzRGF0YV8QHVdobyBzaG91bGQgZml4IHRoaXMgYnVnPzAucGRm0hcLGBlXTlMuZGF0YU8RAeoAAAAAAeoAAgAADE1hY2ludG9zaCBIRAAAAAAAAAAAAAAAAAAAAMtobc5IKwAAAC8Ykh1XaG8gc2hvdWxkIGZpeCB0aGlzIGJ1Zz8wLnBkZgAAAAAAAAAAAAAAAAAAAAAAAAAAAAAAAAAAAAAAAAAAAAAALxmTxehhwwAAAAAAAAAAAAEAAgAACSAAAAAAAAAAAAAAAAAAAAAHc29mdGVuZwAAEAAIAADLaF++AAAAEQAIAADF6FOzAAAAAQAUAC8YkgAvF1sALxZGAAXIdgAAuVYAAgBZTWFjaW50b3NoIEhEOlVzZXJzOgBnb3VzaW9zZzoARG9jdW1lbnRzOgBiaWJsaXN0czoAc29mdGVuZzoAV2hvIHNob3VsZCBmaXggdGhpcyBidWc/MC5wZGYAAA4APAAdAFcAaABvACAAcwBoAG8AdQBsAGQAIABmAGkAeAAgAHQAaABpAHMAIABiAHUAZwA/ADAALgBwAGQAZgAPABoADABNAGEAYwBpAG4AdABvAHMAaAAgAEgARAASAEdVc2Vycy9nb3VzaW9zZy9Eb2N1bWVudHMvYmlibGlzdHMvc29mdGVuZy9XaG8gc2hvdWxkIGZpeCB0aGlzIGJ1Zz8wLnBkZgAAEwABLwAAFQACAA///wAAgAbSGxwdHlokY2xhc3NuYW1lWCRjbGFzc2VzXU5TTXV0YWJsZURhdGGjHR8gVk5TRGF0YVhOU09iamVjdNIbHCIjXE5TRGljdGlvbmFyeaIiIF8QD05TS2V5ZWRBcmNoaXZlctEmJ1Ryb290gAEACAARABoAIwAtADIANwBAAEYATQBVAGAAZwBqAGwAbgBxAHMAdQB3AIQAjgCuALMAuwKpAqsCsAK7AsQC0gLWAt0C5gLrAvgC+wMNAxADFQAAAAAAAAIBAAAAAAAAACgAAAAAAAAAAAAAAAAAAAMX},
	Booktitle = {ICSE '06: Proceedings of the 28th international conference on Software engineering},
	Date-Added = {2009-03-19 21:54:37 +0200},
}

@article{Herbs99,
	Numpages = {8},
	Publisher = {IEEE Computer Society Press},
	Issue_Date = {September 1999},
	Doi = {10.1109/52.795103},
	Date-Modified = {2013-02-08 11:36:58 +0000},
	Author = {Herbsleb, James D. and Grinter, Rebecca E.},
	Url = {http://dx.doi.org/10.1109/52.795103},
	Journal = {IEEE Softw.},
	Acmid = {626042},
	Number = {5},
	Bdsk-Url-1 = {http://dx.doi.org/10.1109/52.795103},
	Month = sep,
	Volume = {16},
	Issn = {0740-7459},
	Title = {Architectures, Coordination, and Distance: Conway's Law and Beyond},
	Year = {1999},
	Address = {Los Alamitos, CA, USA},
	Pages = {63--70},
	Date-Added = {2013-02-08 11:36:55 +0000},
}

@inproceedings{Nagap05,
	Numpages = {9},
	Publisher = {ACM},
	Doi = {10.1145/1062455.1062514},
	Isbn = {1-58113-963-2},
	Date-Modified = {2013-02-19 21:50:09 +0000},
	Author = {Nagappan, Nachiappan and Ball, Thomas},
	Url = {http://doi.acm.org/10.1145/1062455.1062514},
	Series = {ICSE '05},
	Booktitle = {Proceedings of the 27th international conference on Software engineering},
	Acmid = {1062514},
	Keywords = {defect density, fault-proneness, multiple regression, principal component analysis, relative code churn},
	Year = {2005},
	Title = {Use of relative code churn measures to predict system defect density},
	Location = {St. Louis, MO, USA},
	Address = {New York, NY, USA},
	Bdsk-File-1 = {YnBsaXN0MDDUAQIDBAUGJCVYJHZlcnNpb25YJG9iamVjdHNZJGFyY2hpdmVyVCR0b3ASAAGGoKgHCBMUFRYaIVUkbnVsbNMJCgsMDxJXTlMua2V5c1pOUy5vYmplY3RzViRjbGFzc6INDoACgAOiEBGABIAFgAdccmVsYXRpdmVQYXRoWWFsaWFzRGF0YV8QSVVzZSBvZiByZWxhdGl2ZSBjb2RlIGNodXJuIG1lYXN1cmVzIHRvIHByZWRpY3Qgc3lzdGVtIGRlZmVjdCBkZW5zaXR5MC5wZGbSFwsYGVdOUy5kYXRhTxECcAAAAAACcAACAAAMTWFjaW50b3NoIEhEAAAAAAAAAAAAAAAAAAAAy2htzkgrAAAALxiSH1VzZSBvZiByZWxhdGl2ZSBjb2QjMTg1QThFOC5wZGYAAAAAAAAAAAAAAAAAAAAAAAAAAAAAAAAAAAAAAAAAAAGFqOjNSbFtAAAAAAAAAAAAAQACAAAJIAAAAAAAAAAAAAAAAAAAAAdzb2Z0ZW5nAAAQAAgAAMtoX74AAAARAAgAAM1Jo10AAAABABQALxiSAC8XWwAvFkYABch2AAC5VgACAFtNYWNpbnRvc2ggSEQ6VXNlcnM6AGdvdXNpb3NnOgBEb2N1bWVudHM6AGJpYmxpc3RzOgBzb2Z0ZW5nOgBVc2Ugb2YgcmVsYXRpdmUgY29kIzE4NUE4RTgucGRmAAAOAJQASQBVAHMAZQAgAG8AZgAgAHIAZQBsAGEAdABpAHYAZQAgAGMAbwBkAGUAIABjAGgAdQByAG4AIABtAGUAYQBzAHUAcgBlAHMAIAB0AG8AIABwAHIAZQBkAGkAYwB0ACAAcwB5AHMAdABlAG0AIABkAGUAZgBlAGMAdAAgAGQAZQBuAHMAaQB0AHkAMAAuAHAAZABmAA8AGgAMAE0AYQBjAGkAbgB0AG8AcwBoACAASABEABIAc1VzZXJzL2dvdXNpb3NnL0RvY3VtZW50cy9iaWJsaXN0cy9zb2Z0ZW5nL1VzZSBvZiByZWxhdGl2ZSBjb2RlIGNodXJuIG1lYXN1cmVzIHRvIHByZWRpY3Qgc3lzdGVtIGRlZmVjdCBkZW5zaXR5MC5wZGYAABMAAS8AABUAAgAP//8AAIAG0hscHR5aJGNsYXNzbmFtZVgkY2xhc3Nlc11OU011dGFibGVEYXRhox0fIFZOU0RhdGFYTlNPYmplY3TSGxwiI1xOU0RpY3Rpb25hcnmiIiBfEA9OU0tleWVkQXJjaGl2ZXLRJidUcm9vdIABAAgAEQAaACMALQAyADcAQABGAE0AVQBgAGcAagBsAG4AcQBzAHUAdwCEAI4A2gDfAOcDWwNdA2IDbQN2A4QDiAOPA5gDnQOqA60DvwPCA8cAAAAAAAACAQAAAAAAAAAoAAAAAAAAAAAAAAAAAAADyQ==},
	Pages = {284--292},
	Date-Added = {2013-02-19 21:49:59 +0000},
}

@inproceedings{Bird12,
	Numpages = {11},
	Publisher = {ACM},
	Doi = {10.1145/2393596.2393648},
	Isbn = {978-1-4503-1614-9},
	Date-Modified = {2012-11-30 14:17:36 +0000},
	Author = {Bird, Christian and Zimmermann, Thomas},
	Url = {http://doi.acm.org/10.1145/2393596.2393648},
	Series = {FSE '12},
	Booktitle = {Proceedings of the ACM SIGSOFT 20th International Symposium on the Foundations of Software Engineering},
	Acmid = {2393648},
	Keywords = {branch refactoring, branches, concurrent development, coordination, teams, what-if analysis},
	Year = {2012},
	Title = {Assessing the value of branches with what-if analysis},
	Location = {Cary, North Carolina},
	Address = {New York, NY, USA},
	Articleno = {45},
	Bdsk-File-1 = {YnBsaXN0MDDUAQIDBAUGJCVYJHZlcnNpb25YJG9iamVjdHNZJGFyY2hpdmVyVCR0b3ASAAGGoKgHCBMUFRYaIVUkbnVsbNMJCgsMDxJXTlMua2V5c1pOUy5vYmplY3RzViRjbGFzc6INDoACgAOiEBGABIAFgAdccmVsYXRpdmVQYXRoWWFsaWFzRGF0YV8QOkFzc2Vzc2luZyB0aGUgdmFsdWUgb2YgYnJhbmNoZXMgd2l0aCB3aGF0LWlmIGFuYWx5c2lzMC5wZGbSFwsYGVdOUy5kYXRhTxECQgAAAAACQgACAAAMTWFjaW50b3NoIEhEAAAAAAAAAAAAAAAAAAAAy2htzkgrAAAALxiSH0Fzc2Vzc2luZyB0aGUgdmFsdWUjMTBEOTBCRC5wZGYAAAAAAAAAAAAAAAAAAAAAAAAAAAAAAAAAAAAAAAAAAAENkL3M3n6xAAAAAAAAAAAAAQACAAAJIAAAAAAAAAAAAAAAAAAAAAdzb2Z0ZW5nAAAQAAgAAMtoX74AAAARAAgAAMzecKEAAAABABQALxiSAC8XWwAvFkYABch2AAC5VgACAFtNYWNpbnRvc2ggSEQ6VXNlcnM6AGdvdXNpb3NnOgBEb2N1bWVudHM6AGJpYmxpc3RzOgBzb2Z0ZW5nOgBBc3Nlc3NpbmcgdGhlIHZhbHVlIzEwRDkwQkQucGRmAAAOAHYAOgBBAHMAcwBlAHMAcwBpAG4AZwAgAHQAaABlACAAdgBhAGwAdQBlACAAbwBmACAAYgByAGEAbgBjAGgAZQBzACAAdwBpAHQAaAAgAHcAaABhAHQALQBpAGYAIABhAG4AYQBsAHkAcwBpAHMAMAAuAHAAZABmAA8AGgAMAE0AYQBjAGkAbgB0AG8AcwBoACAASABEABIAZFVzZXJzL2dvdXNpb3NnL0RvY3VtZW50cy9iaWJsaXN0cy9zb2Z0ZW5nL0Fzc2Vzc2luZyB0aGUgdmFsdWUgb2YgYnJhbmNoZXMgd2l0aCB3aGF0LWlmIGFuYWx5c2lzMC5wZGYAEwABLwAAFQACAA///wAAgAbSGxwdHlokY2xhc3NuYW1lWCRjbGFzc2VzXU5TTXV0YWJsZURhdGGjHR8gVk5TRGF0YVhOU09iamVjdNIbHCIjXE5TRGljdGlvbmFyeaIiIF8QD05TS2V5ZWRBcmNoaXZlctEmJ1Ryb290gAEACAARABoAIwAtADIANwBAAEYATQBVAGAAZwBqAGwAbgBxAHMAdQB3AIQAjgDLANAA2AMeAyADJQMwAzkDRwNLA1IDWwNgA20DcAOCA4UDigAAAAAAAAIBAAAAAAAAACgAAAAAAAAAAAAAAAAAAAOM},
	Pages = {45:1--45:11},
	Date-Added = {2012-11-30 14:17:32 +0000},
}

@inproceedings{Lanza10,
	Doi = {10.1109/CSMR.2010.37},
	Date-Modified = {2013-02-20 19:24:37 +0000},
	Author = {Lanza, M. and Hattori, L. and Guzzi, A.},
	Booktitle = {Software Maintenance and Reengineering (CSMR), 2010 14th European Conference on},
	Issn = {1534-5351},
	Month = {march},
	Keywords = {Collaboration;Color;Context;Real time systems;Servers;Tag clouds;Visualization;data visualisation;groupware;software engineering;Scamp plug-in support;Syde tool;collaboration awareness support;collaborative software development;development activity visualization;multideveloper projects context;Eclipse;collaboration;recovering development information;visualization;},
	Title = {Supporting Collaboration Awareness with Real-Time Visualization of Development Activity},
	Year = {2010},
	Bdsk-File-1 = {YnBsaXN0MDDUAQIDBAUGJCVYJHZlcnNpb25YJG9iamVjdHNZJGFyY2hpdmVyVCR0b3ASAAGGoKgHCBMUFRYaIVUkbnVsbNMJCgsMDxJXTlMua2V5c1pOUy5vYmplY3RzViRjbGFzc6INDoACgAOiEBGABIAFgAdccmVsYXRpdmVQYXRoWWFsaWFzRGF0YV8QXFN1cHBvcnRpbmcgQ29sbGFib3JhdGlvbiBBd2FyZW5lc3Mgd2l0aCBSZWFsLVRpbWUgVmlzdWFsaXphdGlvbiBvZiBEZXZlbG9wbWVudCBBY3Rpdml0eTAucGRm0hcLGBlXTlMuZGF0YU8RAqgAAAAAAqgAAgAADE1hY2ludG9zaCBIRAAAAAAAAAAAAAAAAAAAAMtobc5IKwAAAC8Ykh9TdXBwb3J0aW5nIENvbGxhYm9yIzE4NkE4NzkucGRmAAAAAAAAAAAAAAAAAAAAAAAAAAAAAAAAAAAAAAAAAAABhqh5zUrhdgAAAAAAAAAAAAEAAgAACSAAAAAAAAAAAAAAAAAAAAAHc29mdGVuZwAAEAAIAADLaF++AAAAEQAIAADNStNmAAAAAQAUAC8YkgAvF1sALxZGAAXIdgAAuVYAAgBbTWFjaW50b3NoIEhEOlVzZXJzOgBnb3VzaW9zZzoARG9jdW1lbnRzOgBiaWJsaXN0czoAc29mdGVuZzoAU3VwcG9ydGluZyBDb2xsYWJvciMxODZBODc5LnBkZgAADgC6AFwAUwB1AHAAcABvAHIAdABpAG4AZwAgAEMAbwBsAGwAYQBiAG8AcgBhAHQAaQBvAG4AIABBAHcAYQByAGUAbgBlAHMAcwAgAHcAaQB0AGgAIABSAGUAYQBsAC0AVABpAG0AZQAgAFYAaQBzAHUAYQBsAGkAegBhAHQAaQBvAG4AIABvAGYAIABEAGUAdgBlAGwAbwBwAG0AZQBuAHQAIABBAGMAdABpAHYAaQB0AHkAMAAuAHAAZABmAA8AGgAMAE0AYQBjAGkAbgB0AG8AcwBoACAASABEABIAhlVzZXJzL2dvdXNpb3NnL0RvY3VtZW50cy9iaWJsaXN0cy9zb2Z0ZW5nL1N1cHBvcnRpbmcgQ29sbGFib3JhdGlvbiBBd2FyZW5lc3Mgd2l0aCBSZWFsLVRpbWUgVmlzdWFsaXphdGlvbiBvZiBEZXZlbG9wbWVudCBBY3Rpdml0eTAucGRmABMAAS8AABUAAgAP//8AAIAG0hscHR5aJGNsYXNzbmFtZVgkY2xhc3Nlc11OU011dGFibGVEYXRhox0fIFZOU0RhdGFYTlNPYmplY3TSGxwiI1xOU0RpY3Rpb25hcnmiIiBfEA9OU0tleWVkQXJjaGl2ZXLRJidUcm9vdIABAAgAEQAaACMALQAyADcAQABGAE0AVQBgAGcAagBsAG4AcQBzAHUAdwCEAI4A7QDyAPoDpgOoA60DuAPBA88D0wPaA+MD6AP1A/gECgQNBBIAAAAAAAACAQAAAAAAAAAoAAAAAAAAAAAAAAAAAAAEFA==},
	Pages = {202 -211},
	Date-Added = {2013-02-20 19:24:10 +0000},
}

@inproceedings{Baysa12,
	Date-Modified = {2013-02-25 15:50:22 +0000},
	Author = {Baysal, Olga and Holmes, Reid and Godfrey, Michael W},
	Booktitle = {9th IEEE Working Conference on Mining Software Repositories (MSR), 2012},
	Title = {Mining usage data and development artifacts},
	Year = {2012},
	Organization = {IEEE},
	Pages = {98--107},
	Date-Added = {2013-02-25 15:50:04 +0000},
}

@article{Breim01,
	publisher = {Springer}
,
	author = {Breiman, Leo},
	journal = {Machine learning},
	title = {Random forests},
	number = {1},
	volume = {45},
	year = {2001},
	pages = {5--32},
}

@inproceedings{Spine06,
	Location = {Shanghai},
	Publisher = {ACM Press},
	Doi = {10.1145/1138506.1138524},
	Date-Modified = {2009-03-27 13:45:03 +0200},
	Author = {Diomidis Spinelis},
	Booktitle = {International Workshop on Global Software Development for the Practitioner},
	Title = {Global Software Development in the {FreeBSD} Project},
	Month = may,
	Editor = {P. Kruchten and Y. Hsieh and E. MacGregor and D. Moitra and W. Strigel},
	Year = {2006},
	Bdsk-File-1 = {YnBsaXN0MDDUAQIDBAUGJCVYJHZlcnNpb25YJG9iamVjdHNZJGFyY2hpdmVyVCR0b3ASAAGGoKgHCBMUFRYaIVUkbnVsbNMJCgsMDxJXTlMua2V5c1pOUy5vYmplY3RzViRjbGFzc6INDoACgAOiEBGABIAFgAdccmVsYXRpdmVQYXRoWWFsaWFzRGF0YV8QN0dsb2JhbCBTb2Z0d2FyZSBEZXZlbG9wbWVudCBpbiB0aGUgRnJlZUJTRCBQcm9qZWN0MC5wZGbSFwsYGVdOUy5kYXRhTxECOgAAAAACOgACAAAMTWFjaW50b3NoIEhEAAAAAAAAAAAAAAAAAAAAy2htzkgrAAAALxiSH0dsb2JhbCBTb2Z0d2FyZSBEZXZlIzJGMTkwOC5wZGYAAAAAAAAAAAAAAAAAAAAAAAAAAAAAAAAAAAAAAAAAAAAvGQjF+7/AAAAAAAAAAAAAAQACAAAJIAAAAAAAAAAAAAAAAAAAAAdzb2Z0ZW5nAAAQAAgAAMtoX74AAAARAAgAAMX7o6AAAAABABQALxiSAC8XWwAvFkYABch2AAC5VgACAFtNYWNpbnRvc2ggSEQ6VXNlcnM6AGdvdXNpb3NnOgBEb2N1bWVudHM6AGJpYmxpc3RzOgBzb2Z0ZW5nOgBHbG9iYWwgU29mdHdhcmUgRGV2ZSMyRjE5MDgucGRmAAAOAHAANwBHAGwAbwBiAGEAbAAgAFMAbwBmAHQAdwBhAHIAZQAgAEQAZQB2AGUAbABvAHAAbQBlAG4AdAAgAGkAbgAgAHQAaABlACAARgByAGUAZQBCAFMARAAgAFAAcgBvAGoAZQBjAHQAMAAuAHAAZABmAA8AGgAMAE0AYQBjAGkAbgB0AG8AcwBoACAASABEABIAYVVzZXJzL2dvdXNpb3NnL0RvY3VtZW50cy9iaWJsaXN0cy9zb2Z0ZW5nL0dsb2JhbCBTb2Z0d2FyZSBEZXZlbG9wbWVudCBpbiB0aGUgRnJlZUJTRCBQcm9qZWN0MC5wZGYAABMAAS8AABUAAgAP//8AAIAG0hscHR5aJGNsYXNzbmFtZVgkY2xhc3Nlc11OU011dGFibGVEYXRhox0fIFZOU0RhdGFYTlNPYmplY3TSGxwiI1xOU0RpY3Rpb25hcnmiIiBfEA9OU0tleWVkQXJjaGl2ZXLRJidUcm9vdIABAAgAEQAaACMALQAyADcAQABGAE0AVQBgAGcAagBsAG4AcQBzAHUAdwCEAI4AyADNANUDEwMVAxoDJQMuAzwDQANHA1ADVQNiA2UDdwN6A38AAAAAAAACAQAAAAAAAAAoAAAAAAAAAAAAAAAAAAADgQ==},
	Pages = {73--79},
	Date-Added = {2009-03-27 13:45:03 +0200},
}

@article{Cornf10,
	Date-Modified = {2013-03-01 20:19:00 +0000},
	Author = {Tony Cornford and Maha Shaikh and Claudio Ciborra},
	Journal = {Journal of the Association for Information Systems},
	Issn = {1536-9323},
	Number = 12,
	Month = nov,
	Volume = 11,
	Title = {Hierarchy, Laboratory and Collective: Unveiling {L}inux as Innovation, Machination and Constitution},
	Year = 2010,
	Bdsk-File-1 = {YnBsaXN0MDDUAQIDBAUGJCVYJHZlcnNpb25YJG9iamVjdHNZJGFyY2hpdmVyVCR0b3ASAAGGoKgHCBMUFRYaIVUkbnVsbNMJCgsMDxJXTlMua2V5c1pOUy5vYmplY3RzViRjbGFzc6INDoACgAOiEBGABIAFgAdccmVsYXRpdmVQYXRoWWFsaWFzRGF0YV8QZUhpZXJhcmNoeSwgTGFib3JhdG9yeSBhbmQgQ29sbGVjdGl2ZSBVbnZlaWxpbmcgTGludXggYXMgSW5ub3ZhdGlvbiwgTWFjaGluYXRpb24gYW5kIENvbnN0aXR1dGlvbjAucGRm0hcLGBlXTlMuZGF0YU8RAsQAAAAAAsQAAgAADE1hY2ludG9zaCBIRAAAAAAAAAAAAAAAAAAAAMtobc5IKwAAAC8Ykh9IaWVyYXJjaHksIExhYm9yYXRvIzEwQjZENkUucGRmAAAAAAAAAAAAAAAAAAAAAAAAAAAAAAAAAAAAAAAAAAABC21uzN0/PAAAAAAAAAAAAAEAAgAACSAAAAAAAAAAAAAAAAAAAAAHc29mdGVuZwAAEAAIAADLaF++AAAAEQAIAADM3TEsAAAAAQAUAC8YkgAvF1sALxZGAAXIdgAAuVYAAgBbTWFjaW50b3NoIEhEOlVzZXJzOgBnb3VzaW9zZzoARG9jdW1lbnRzOgBiaWJsaXN0czoAc29mdGVuZzoASGllcmFyY2h5LCBMYWJvcmF0byMxMEI2RDZFLnBkZgAADgDMAGUASABpAGUAcgBhAHIAYwBoAHkALAAgAEwAYQBiAG8AcgBhAHQAbwByAHkAIABhAG4AZAAgAEMAbwBsAGwAZQBjAHQAaQB2AGUAIABVAG4AdgBlAGkAbABpAG4AZwAgAEwAaQBuAHUAeAAgAGEAcwAgAEkAbgBuAG8AdgBhAHQAaQBvAG4ALAAgAE0AYQBjAGgAaQBuAGEAdABpAG8AbgAgAGEAbgBkACAAQwBvAG4AcwB0AGkAdAB1AHQAaQBvAG4AMAAuAHAAZABmAA8AGgAMAE0AYQBjAGkAbgB0AG8AcwBoACAASABEABIAj1VzZXJzL2dvdXNpb3NnL0RvY3VtZW50cy9iaWJsaXN0cy9zb2Z0ZW5nL0hpZXJhcmNoeSwgTGFib3JhdG9yeSBhbmQgQ29sbGVjdGl2ZSBVbnZlaWxpbmcgTGludXggYXMgSW5ub3ZhdGlvbiwgTWFjaGluYXRpb24gYW5kIENvbnN0aXR1dGlvbjAucGRmAAATAAEvAAAVAAIAD///AACABtIbHB0eWiRjbGFzc25hbWVYJGNsYXNzZXNdTlNNdXRhYmxlRGF0YaMdHyBWTlNEYXRhWE5TT2JqZWN00hscIiNcTlNEaWN0aW9uYXJ5oiIgXxAPTlNLZXllZEFyY2hpdmVy0SYnVHJvb3SAAQAIABEAGgAjAC0AMgA3AEAARgBNAFUAYABnAGoAbABuAHEAcwB1AHcAhACOAPYA+wEDA8sDzQPSA90D5gP0A/gD/wQIBA0EGgQdBC8EMgQ3AAAAAAAAAgEAAAAAAAAAKAAAAAAAAAAAAAAAAAAABDk=},
	Pages = {i--v},
	Date-Added = {2012-11-29 15:37:32 +0000},
}

@article{Treud12,
	Author = {Treude, Christoph and Storey, Margaret-Anne},
	Acmid = {2122542},
	Date-Added = {2013-02-20 19:14:18 +0000},
	Numpages = {16},
	Journal = {IEEE Trans. Softw. Eng.},
	Title = {Work Item Tagging: Communicating Concerns in Collaborative Software Development},
	Volume = {38},
	Address = {Piscataway, NJ, USA},
	Pages = {19--34},
	Publisher = {IEEE Press},
	Doi = {10.1109/TSE.2010.91},
	Date-Modified = {2013-02-20 19:14:21 +0000},
	Url = {http://dx.doi.org/10.1109/TSE.2010.91},
	Issn = {0098-5589},
	Issue_Date = {January 2012},
	Number = {1},
	Month = jan,
	Year = {2012},
	Keywords = {Tagging, collaboration, software development, task management, articulation work, work items.},
	Bdsk-File-1 = {YnBsaXN0MDDUAQIDBAUGJCVYJHZlcnNpb25YJG9iamVjdHNZJGFyY2hpdmVyVCR0b3ASAAGGoKgHCBMUFRYaIVUkbnVsbNMJCgsMDxJXTlMua2V5c1pOUy5vYmplY3RzViRjbGFzc6INDoACgAOiEBGABIAFgAdccmVsYXRpdmVQYXRoWWFsaWFzRGF0YV8QU1dvcmsgSXRlbSBUYWdnaW5nIENvbW11bmljYXRpbmcgQ29uY2VybnMgaW4gQ29sbGFib3JhdGl2ZSBTb2Z0d2FyZSBEZXZlbG9wbWVudDAucGRm0hcLGBlXTlMuZGF0YU8RAo4AAAAAAo4AAgAADE1hY2ludG9zaCBIRAAAAAAAAAAAAAAAAAAAAMtobc5IKwAAAC8Ykh9Xb3JrIEl0ZW0gVGFnZ2luZyBDIzE4NkEyN0UucGRmAAAAAAAAAAAAAAAAAAAAAAAAAAAAAAAAAAAAAAAAAAABhqJ+zUrfKgAAAAAAAAAAAAEAAgAACSAAAAAAAAAAAAAAAAAAAAAHc29mdGVuZwAAEAAIAADLaF++AAAAEQAIAADNStEaAAAAAQAUAC8YkgAvF1sALxZGAAXIdgAAuVYAAgBbTWFjaW50b3NoIEhEOlVzZXJzOgBnb3VzaW9zZzoARG9jdW1lbnRzOgBiaWJsaXN0czoAc29mdGVuZzoAV29yayBJdGVtIFRhZ2dpbmcgQyMxODZBMjdFLnBkZgAADgCoAFMAVwBvAHIAawAgAEkAdABlAG0AIABUAGEAZwBnAGkAbgBnACAAQwBvAG0AbQB1AG4AaQBjAGEAdABpAG4AZwAgAEMAbwBuAGMAZQByAG4AcwAgAGkAbgAgAEMAbwBsAGwAYQBiAG8AcgBhAHQAaQB2AGUAIABTAG8AZgB0AHcAYQByAGUAIABEAGUAdgBlAGwAbwBwAG0AZQBuAHQAMAAuAHAAZABmAA8AGgAMAE0AYQBjAGkAbgB0AG8AcwBoACAASABEABIAfVVzZXJzL2dvdXNpb3NnL0RvY3VtZW50cy9iaWJsaXN0cy9zb2Z0ZW5nL1dvcmsgSXRlbSBUYWdnaW5nIENvbW11bmljYXRpbmcgQ29uY2VybnMgaW4gQ29sbGFib3JhdGl2ZSBTb2Z0d2FyZSBEZXZlbG9wbWVudDAucGRmAAATAAEvAAAVAAIAD///AACABtIbHB0eWiRjbGFzc25hbWVYJGNsYXNzZXNdTlNNdXRhYmxlRGF0YaMdHyBWTlNEYXRhWE5TT2JqZWN00hscIiNcTlNEaWN0aW9uYXJ5oiIgXxAPTlNLZXllZEFyY2hpdmVy0SYnVHJvb3SAAQAIABEAGgAjAC0AMgA3AEAARgBNAFUAYABnAGoAbABuAHEAcwB1AHcAhACOAOQA6QDxA4MDhQOKA5UDngOsA7ADtwPAA8UD0gPVA+cD6gPvAAAAAAAAAgEAAAAAAAAAKAAAAAAAAAAAAAAAAAAAA/E=},
}

@inproceedings{Nguye08,
	Bdsk-Url-1 = {http://dx.doi.org/10.1109/ICGSE.2008.39},
	Doi = {10.1109/ICGSE.2008.39},
	Date-Modified = {2013-02-08 12:40:33 +0000},
	Author = {Nguyen, T. and Wolf, T. and Damian, D.},
	Booktitle = {IEEE International Conference on Global Software Engineering, 2008.},
	Title = {Global Software Development and Delay: Does Distance Still Matter?},
	Month = {aug.},
	Keywords = {Collaboration;Collaborative software;Collaborative tools;Collaborative work;Communication industry;Delay effects;Programming;Social network services;Software engineering;Sun;software development management;IBM distributed development project;Jazz project;distributed collaboration;distributed software development;global software development;social network analysis;},
	Year = {2008},
	Pages = {45 -54},
	Date-Added = {2013-02-08 12:40:07 +0000},
}

@inproceedings{Shiha12,
	Numpages = {10},
	Publisher = {ACM},
	Doi = {10.1145/2372251.2372305},
	Isbn = {978-1-4503-1056-7},
	Date-Modified = {2012-11-30 15:38:18 +0000},
	Author = {Shihab, Emad and Bird, Christian and Zimmermann, Thomas},
	Url = {http://doi.acm.org/10.1145/2372251.2372305},
	Series = {ESEM '12},
	Booktitle = {Proceedings of the ACM-IEEE international symposium on Empirical software engineering and measurement},
	Acmid = {2372305},
	Keywords = {branching, quality},
	Year = {2012},
	Title = {The effect of branching strategies on software quality},
	Location = {Lund, Sweden},
	Address = {New York, NY, USA},
	Bdsk-File-1 = {YnBsaXN0MDDUAQIDBAUGJCVYJHZlcnNpb25YJG9iamVjdHNZJGFyY2hpdmVyVCR0b3ASAAGGoKgHCBMUFRYaIVUkbnVsbNMJCgsMDxJXTlMua2V5c1pOUy5vYmplY3RzViRjbGFzc6INDoACgAOiEBGABIAFgAdccmVsYXRpdmVQYXRoWWFsaWFzRGF0YV8QO1RoZSBlZmZlY3Qgb2YgYnJhbmNoaW5nIHN0cmF0ZWdpZXMgb24gc29mdHdhcmUgcXVhbGl0eTAucGRm0hcLGBlXTlMuZGF0YU8RAkYAAAAAAkYAAgAADE1hY2ludG9zaCBIRAAAAAAAAAAAAAAAAAAAAMtobc5IKwAAAC8Ykh9UaGUgZWZmZWN0IG9mIGJyYW5jIzEwRDhEOUEucGRmAAAAAAAAAAAAAAAAAAAAAAAAAAAAAAAAAAAAAAAAAAABDY2azN5+FQAAAAAAAAAAAAEAAgAACSAAAAAAAAAAAAAAAAAAAAAHc29mdGVuZwAAEAAIAADLaF++AAAAEQAIAADM3nAFAAAAAQAUAC8YkgAvF1sALxZGAAXIdgAAuVYAAgBbTWFjaW50b3NoIEhEOlVzZXJzOgBnb3VzaW9zZzoARG9jdW1lbnRzOgBiaWJsaXN0czoAc29mdGVuZzoAVGhlIGVmZmVjdCBvZiBicmFuYyMxMEQ4RDlBLnBkZgAADgB4ADsAVABoAGUAIABlAGYAZgBlAGMAdAAgAG8AZgAgAGIAcgBhAG4AYwBoAGkAbgBnACAAcwB0AHIAYQB0AGUAZwBpAGUAcwAgAG8AbgAgAHMAbwBmAHQAdwBhAHIAZQAgAHEAdQBhAGwAaQB0AHkAMAAuAHAAZABmAA8AGgAMAE0AYQBjAGkAbgB0AG8AcwBoACAASABEABIAZVVzZXJzL2dvdXNpb3NnL0RvY3VtZW50cy9iaWJsaXN0cy9zb2Z0ZW5nL1RoZSBlZmZlY3Qgb2YgYnJhbmNoaW5nIHN0cmF0ZWdpZXMgb24gc29mdHdhcmUgcXVhbGl0eTAucGRmAAATAAEvAAAVAAIAD///AACABtIbHB0eWiRjbGFzc25hbWVYJGNsYXNzZXNdTlNNdXRhYmxlRGF0YaMdHyBWTlNEYXRhWE5TT2JqZWN00hscIiNcTlNEaWN0aW9uYXJ5oiIgXxAPTlNLZXllZEFyY2hpdmVy0SYnVHJvb3SAAQAIABEAGgAjAC0AMgA3AEAARgBNAFUAYABnAGoAbABuAHEAcwB1AHcAhACOAMwA0QDZAyMDJQMqAzUDPgNMA1ADVwNgA2UDcgN1A4cDigOPAAAAAAAAAgEAAAAAAAAAKAAAAAAAAAAAAAAAAAAAA5E=},
	Pages = {301--310},
	Date-Added = {2012-11-30 15:38:15 +0000},
}

@article{Fluri07,
	Publisher = {IEEE},
	Date-Modified = {2012-10-28 19:52:51 +0000},
	Author = {Fluri, B. and Wursch, M. and PInzger, M. and Gall, H.C.},
	Journal = {IEEE Transactions on Software Engineering},
	Title = {Change distilling: Tree differencing for fine-grained source code change extraction},
	Number = {11},
	Volume = {33},
	Year = {2007},
	Bdsk-File-1 = {YnBsaXN0MDDUAQIDBAUGJCVYJHZlcnNpb25YJG9iamVjdHNZJGFyY2hpdmVyVCR0b3ASAAGGoKgHCBMUFRYaIVUkbnVsbNMJCgsMDxJXTlMua2V5c1pOUy5vYmplY3RzViRjbGFzc6INDoACgAOiEBGABIAFgAdccmVsYXRpdmVQYXRoWWFsaWFzRGF0YV8QV0NoYW5nZSBkaXN0aWxsaW5nIFRyZWUgZGlmZmVyZW5jaW5nIGZvciBmaW5lLWdyYWluZWQgc291cmNlIGNvZGUgY2hhbmdlIGV4dHJhY3Rpb24wLnBkZtIXCxgZV05TLmRhdGFPEQKaAAAAAAKaAAIAAAxNYWNpbnRvc2ggSEQAAAAAAAAAAAAAAAAAAADLaG3OSCsAAAAvGJIfQ2hhbmdlIGRpc3RpbGxpbmcgVHIjRDQ0NjAzLnBkZgAAAAAAAAAAAAAAAAAAAAAAAAAAAAAAAAAAAAAAAAAAANRGA8yzTBQAAAAAAAAAAAABAAIAAAkgAAAAAAAAAAAAAAAAAAAAB3NvZnRlbmcAABAACAAAy2hfvgAAABEACAAAzLM+BAAAAAEAFAAvGJIALxdbAC8WRgAFyHYAALlWAAIAW01hY2ludG9zaCBIRDpVc2VyczoAZ291c2lvc2c6AERvY3VtZW50czoAYmlibGlzdHM6AHNvZnRlbmc6AENoYW5nZSBkaXN0aWxsaW5nIFRyI0Q0NDYwMy5wZGYAAA4AsABXAEMAaABhAG4AZwBlACAAZABpAHMAdABpAGwAbABpAG4AZwAgAFQAcgBlAGUAIABkAGkAZgBmAGUAcgBlAG4AYwBpAG4AZwAgAGYAbwByACAAZgBpAG4AZQAtAGcAcgBhAGkAbgBlAGQAIABzAG8AdQByAGMAZQAgAGMAbwBkAGUAIABjAGgAYQBuAGcAZQAgAGUAeAB0AHIAYQBjAHQAaQBvAG4AMAAuAHAAZABmAA8AGgAMAE0AYQBjAGkAbgB0AG8AcwBoACAASABEABIAgVVzZXJzL2dvdXNpb3NnL0RvY3VtZW50cy9iaWJsaXN0cy9zb2Z0ZW5nL0NoYW5nZSBkaXN0aWxsaW5nIFRyZWUgZGlmZmVyZW5jaW5nIGZvciBmaW5lLWdyYWluZWQgc291cmNlIGNvZGUgY2hhbmdlIGV4dHJhY3Rpb24wLnBkZgAAEwABLwAAFQACAA///wAAgAbSGxwdHlokY2xhc3NuYW1lWCRjbGFzc2VzXU5TTXV0YWJsZURhdGGjHR8gVk5TRGF0YVhOU09iamVjdNIbHCIjXE5TRGljdGlvbmFyeaIiIF8QD05TS2V5ZWRBcmNoaXZlctEmJ1Ryb290gAEACAARABoAIwAtADIANwBAAEYATQBVAGAAZwBqAGwAbgBxAHMAdQB3AIQAjgDoAO0A9QOTA5UDmgOlA64DvAPAA8cD0APVA+ID5QP3A/oD/wAAAAAAAAIBAAAAAAAAACgAAAAAAAAAAAAAAAAAAAQB},
	Pages = {725--743},
	Date-Added = {2012-10-28 19:52:32 +0000},
}

@article{MOCKU02,
	Publisher = {ACM},
	Doi = {http://doi.acm.org/10.1145/567793.567795},
	Date-Modified = {2009-06-24 23:12:16 +0300},
	Author = {Audris Mockus and Roy T Fielding and James D Herbsleb},
	Journal = {ACM Trans. Softw. Eng. Methodol.},
	Issn = {1049-331X},
	Number = {3},
	Volume = {11},
	Year = {2002},
	Title = {Two case studies of open source software development: Apache and {M}ozilla},
	Address = {New York, NY, USA},
	Bdsk-File-1 = {YnBsaXN0MDDUAQIDBAUGJCVYJHZlcnNpb25YJG9iamVjdHNZJGFyY2hpdmVyVCR0b3ASAAGGoKgHCBMUFRYaIVUkbnVsbNMJCgsMDxJXTlMua2V5c1pOUy5vYmplY3RzViRjbGFzc6INDoACgAOiEBGABIAFgAdccmVsYXRpdmVQYXRoWWFsaWFzRGF0YV8QTVR3byBjYXNlIHN0dWRpZXMgb2Ygb3BlbiBzb3VyY2Ugc29mdHdhcmUgZGV2ZWxvcG1lbnQ6IEFwYWNoZSBhbmQgTW96aWxsYTAucGRm0hcLGBlXTlMuZGF0YU8RAnwAAAAAAnwAAgAADE1hY2ludG9zaCBIRAAAAAAAAAAAAAAAAAAAAMtobc5IKwAAAC8Ykh9Ud28gY2FzZSBzdHVkaWVzIG9mICMyRjE5ODUucGRmAAAAAAAAAAAAAAAAAAAAAAAAAAAAAAAAAAAAAAAAAAAALxmFxauA9AAAAAAAAAAAAAEAAgAACSAAAAAAAAAAAAAAAAAAAAAHc29mdGVuZwAAEAAIAADLaF++AAAAEQAIAADFq3LkAAAAAQAUAC8YkgAvF1sALxZGAAXIdgAAuVYAAgBbTWFjaW50b3NoIEhEOlVzZXJzOgBnb3VzaW9zZzoARG9jdW1lbnRzOgBiaWJsaXN0czoAc29mdGVuZzoAVHdvIGNhc2Ugc3R1ZGllcyBvZiAjMkYxOTg1LnBkZgAADgCcAE0AVAB3AG8AIABjAGEAcwBlACAAcwB0AHUAZABpAGUAcwAgAG8AZgAgAG8AcABlAG4AIABzAG8AdQByAGMAZQAgAHMAbwBmAHQAdwBhAHIAZQAgAGQAZQB2AGUAbABvAHAAbQBlAG4AdAAvACAAQQBwAGEAYwBoAGUAIABhAG4AZAAgAE0AbwB6AGkAbABsAGEAMAAuAHAAZABmAA8AGgAMAE0AYQBjAGkAbgB0AG8AcwBoACAASABEABIAd1VzZXJzL2dvdXNpb3NnL0RvY3VtZW50cy9iaWJsaXN0cy9zb2Z0ZW5nL1R3byBjYXNlIHN0dWRpZXMgb2Ygb3BlbiBzb3VyY2Ugc29mdHdhcmUgZGV2ZWxvcG1lbnQ6IEFwYWNoZSBhbmQgTW96aWxsYTAucGRmAAATAAEvAAAVAAIAD///AACABtIbHB0eWiRjbGFzc25hbWVYJGNsYXNzZXNdTlNNdXRhYmxlRGF0YaMdHyBWTlNEYXRhWE5TT2JqZWN00hscIiNcTlNEaWN0aW9uYXJ5oiIgXxAPTlNLZXllZEFyY2hpdmVy0SYnVHJvb3SAAQAIABEAGgAjAC0AMgA3AEAARgBNAFUAYABnAGoAbABuAHEAcwB1AHcAhACOAN4A4wDrA2sDbQNyA30DhgOUA5gDnwOoA60DugO9A88D0gPXAAAAAAAAAgEAAAAAAAAAKAAAAAAAAAAAAAAAAAAAA9k=},
	Pages = {309--346},
	Date-Added = {2009-02-01 17:39:06 +0200},
}

@inproceedings{Bird07a,
	Publisher = {IEEE Computer Society},
	Isbn = {0-7695-2950-X},
	Date-Modified = {2009-03-22 22:04:07 +0200},
	Author = {Bird,, Christian and Gourley,, Alex and Devanbu,, Prem},
	Booktitle = {MSR '07: Proceedings of the Fourth International Workshop on Mining Software Repositories},
	Title = {Detecting Patch Submission and Acceptance in OSS Projects},
	Year = {2007},
	Address = {Washington, DC, USA},
	Bdsk-File-1 = {YnBsaXN0MDDUAQIDBAUGJCVYJHZlcnNpb25YJG9iamVjdHNZJGFyY2hpdmVyVCR0b3ASAAGGoKgHCBMUFRYaIVUkbnVsbNMJCgsMDxJXTlMua2V5c1pOUy5vYmplY3RzViRjbGFzc6INDoACgAOiEBGABIAFgAdccmVsYXRpdmVQYXRoWWFsaWFzRGF0YV8QPkRldGVjdGluZyBQYXRjaCBTdWJtaXNzaW9uIGFuZCBBY2NlcHRhbmNlIGluIE9TUyBQcm9qZWN0czAucGRm0hcLGBlXTlMuZGF0YU8RAk4AAAAAAk4AAgAADE1hY2ludG9zaCBIRAAAAAAAAAAAAAAAAAAAAMtobc5IKwAAAC8Ykh9EZXRlY3RpbmcgUGF0Y2ggU3VibSMyRjE4RTUucGRmAAAAAAAAAAAAAAAAAAAAAAAAAAAAAAAAAAAAAAAAAAAALxjlxexYTwAAAAAAAAAAAAEAAgAACSAAAAAAAAAAAAAAAAAAAAAHc29mdGVuZwAAEAAIAADLaF++AAAAEQAIAADF7Eo/AAAAAQAUAC8YkgAvF1sALxZGAAXIdgAAuVYAAgBbTWFjaW50b3NoIEhEOlVzZXJzOgBnb3VzaW9zZzoARG9jdW1lbnRzOgBiaWJsaXN0czoAc29mdGVuZzoARGV0ZWN0aW5nIFBhdGNoIFN1Ym0jMkYxOEU1LnBkZgAADgB+AD4ARABlAHQAZQBjAHQAaQBuAGcAIABQAGEAdABjAGgAIABTAHUAYgBtAGkAcwBzAGkAbwBuACAAYQBuAGQAIABBAGMAYwBlAHAAdABhAG4AYwBlACAAaQBuACAATwBTAFMAIABQAHIAbwBqAGUAYwB0AHMAMAAuAHAAZABmAA8AGgAMAE0AYQBjAGkAbgB0AG8AcwBoACAASABEABIAaFVzZXJzL2dvdXNpb3NnL0RvY3VtZW50cy9iaWJsaXN0cy9zb2Z0ZW5nL0RldGVjdGluZyBQYXRjaCBTdWJtaXNzaW9uIGFuZCBBY2NlcHRhbmNlIGluIE9TUyBQcm9qZWN0czAucGRmABMAAS8AABUAAgAP//8AAIAG0hscHR5aJGNsYXNzbmFtZVgkY2xhc3Nlc11OU011dGFibGVEYXRhox0fIFZOU0RhdGFYTlNPYmplY3TSGxwiI1xOU0RpY3Rpb25hcnmiIiBfEA9OU0tleWVkQXJjaGl2ZXLRJidUcm9vdIABAAgAEQAaACMALQAyADcAQABGAE0AVQBgAGcAagBsAG4AcQBzAHUAdwCEAI4AzwDUANwDLgMwAzUDQANJA1cDWwNiA2sDcAN9A4ADkgOVA5oAAAAAAAACAQAAAAAAAAAoAAAAAAAAAAAAAAAAAAADnA==},
	Pages = {26},
	Date-Added = {2009-03-22 22:03:57 +0200},
}

@inproceedings{Catal06,
	Numpages = {10},
	Publisher = {ACM},
	Doi = {10.1145/1180875.1180929},
	Isbn = {1-59593-249-6},
	Date-Modified = {2013-02-08 13:02:18 +0000},
	Author = {Cataldo, Marcelo and Wagstrom, Patrick A. and Herbsleb, James D. and Carley, Kathleen M.},
	Url = {http://doi.acm.org/10.1145/1180875.1180929},
	Series = {CSCW '06},
	Booktitle = {Proceedings of the 2006 20th anniversary conference on Computer supported cooperative work},
	Acmid = {1180929},
	Keywords = {collaboration tools, coordination, dynamic network analysis, task awareness tools},
	Year = {2006},
	Title = {Identification of coordination requirements: implications for the Design of collaboration and awareness tools},
	Location = {Banff, Alberta, Canada},
	Address = {New York, NY, USA},
	Bdsk-File-1 = {YnBsaXN0MDDUAQIDBAUGJCVYJHZlcnNpb25YJG9iamVjdHNZJGFyY2hpdmVyVCR0b3ASAAGGoKgHCBMUFRYaIVUkbnVsbNMJCgsMDxJXTlMua2V5c1pOUy5vYmplY3RzViRjbGFzc6INDoACgAOiEBGABIAFgAdccmVsYXRpdmVQYXRoWWFsaWFzRGF0YV8QcUlkZW50aWZpY2F0aW9uIG9mIGNvb3JkaW5hdGlvbiByZXF1aXJlbWVudHMgaW1wbGljYXRpb25zIGZvciB0aGUgRGVzaWduIG9mIGNvbGxhYm9yYXRpb24gYW5kIGF3YXJlbmVzcyB0b29sczAucGRm0hcLGBlXTlMuZGF0YU8RAugAAAAAAugAAgAADE1hY2ludG9zaCBIRAAAAAAAAAAAAAAAAAAAAMtobc5IKwAAAC8Ykh9JZGVudGlmaWNhdGlvbiBvZiBjIzE3MTM5M0YucGRmAAAAAAAAAAAAAAAAAAAAAAAAAAAAAAAAAAAAAAAAAAABcTk/zTq2FgAAAAAAAAAAAAEAAgAACSAAAAAAAAAAAAAAAAAAAAAHc29mdGVuZwAAEAAIAADLaF++AAAAEQAIAADNOqgGAAAAAQAUAC8YkgAvF1sALxZGAAXIdgAAuVYAAgBbTWFjaW50b3NoIEhEOlVzZXJzOgBnb3VzaW9zZzoARG9jdW1lbnRzOgBiaWJsaXN0czoAc29mdGVuZzoASWRlbnRpZmljYXRpb24gb2YgYyMxNzEzOTNGLnBkZgAADgDkAHEASQBkAGUAbgB0AGkAZgBpAGMAYQB0AGkAbwBuACAAbwBmACAAYwBvAG8AcgBkAGkAbgBhAHQAaQBvAG4AIAByAGUAcQB1AGkAcgBlAG0AZQBuAHQAcwAgAGkAbQBwAGwAaQBjAGEAdABpAG8AbgBzACAAZgBvAHIAIAB0AGgAZQAgAEQAZQBzAGkAZwBuACAAbwBmACAAYwBvAGwAbABhAGIAbwByAGEAdABpAG8AbgAgAGEAbgBkACAAYQB3AGEAcgBlAG4AZQBzAHMAIAB0AG8AbwBsAHMAMAAuAHAAZABmAA8AGgAMAE0AYQBjAGkAbgB0AG8AcwBoACAASABEABIAm1VzZXJzL2dvdXNpb3NnL0RvY3VtZW50cy9iaWJsaXN0cy9zb2Z0ZW5nL0lkZW50aWZpY2F0aW9uIG9mIGNvb3JkaW5hdGlvbiByZXF1aXJlbWVudHMgaW1wbGljYXRpb25zIGZvciB0aGUgRGVzaWduIG9mIGNvbGxhYm9yYXRpb24gYW5kIGF3YXJlbmVzcyB0b29sczAucGRmAAATAAEvAAAVAAIAD///AACABtIbHB0eWiRjbGFzc25hbWVYJGNsYXNzZXNdTlNNdXRhYmxlRGF0YaMdHyBWTlNEYXRhWE5TT2JqZWN00hscIiNcTlNEaWN0aW9uYXJ5oiIgXxAPTlNLZXllZEFyY2hpdmVy0SYnVHJvb3SAAQAIABEAGgAjAC0AMgA3AEAARgBNAFUAYABnAGoAbABuAHEAcwB1AHcAhACOAQIBBwEPA/sD/QQCBA0EFgQkBCgELwQ4BD0ESgRNBF8EYgRnAAAAAAAAAgEAAAAAAAAAKAAAAAAAAAAAAAAAAAAABGk=},
	Pages = {353--362},
	Date-Added = {2013-02-08 13:02:15 +0000},
}

@article{Batti01,
	Bdsk-Url-1 = {http://dx.doi.org/10.1109/52.914750},
	Doi = {10.1109/52.914750},
	Date-Modified = {2013-02-08 12:36:25 +0000},
	Author = {Battin, R.D. and Crocker, R. and Kreidler, J. and Subramanian, K.},
	Journal = {Software, IEEE},
	Issn = {0740-7459},
	Number = {2},
	Month = {mar/apr},
	Volume = {18},
	Keywords = {Australia;Computer architecture;Contracts;Cultural differences;Electric breakdown;Maintenance engineering;Programming;Software tools;Teamwork;project management;software development management;Motorola;global engineering team;global resources;global software development;project risk factors;risk factors;},
	Title = {Leveraging resources in global software development},
	Year = {2001},
	Pages = {70 -77},
	Date-Added = {2013-02-08 12:36:24 +0000},
}

@inproceedings{Giger10,
	Numpages = {5},
	Publisher = {ACM},
	Doi = {10.1145/1808920.1808933},
	Isbn = {978-1-60558-974-9},
	Date-Modified = {2013-02-27 12:34:39 +0000},
	Author = {Giger, Emanuel and Pinzger, Martin and Gall, Harald},
	Url = {http://doi.acm.org/10.1145/1808920.1808933},
	Series = {RSSE '10},
	Booktitle = {Proceedings of the 2nd International Workshop on Recommendation Systems for Software Engineering},
	Acmid = {1808933},
	Year = {2010},
	Title = {Predicting the fix time of bugs},
	Location = {Cape Town, South Africa},
	Address = {New York, NY, USA},
	Bdsk-File-1 = {YnBsaXN0MDDUAQIDBAUGJCVYJHZlcnNpb25YJG9iamVjdHNZJGFyY2hpdmVyVCR0b3ASAAGGoKgHCBMUFRYaIVUkbnVsbNMJCgsMDxJXTlMua2V5c1pOUy5vYmplY3RzViRjbGFzc6INDoACgAOiEBGABIAFgAdccmVsYXRpdmVQYXRoWWFsaWFzRGF0YV8QJFByZWRpY3RpbmcgdGhlIGZpeCB0aW1lIG9mIGJ1Z3MwLnBkZtIXCxgZV05TLmRhdGFPEQIAAAAAAAIAAAIAAAxNYWNpbnRvc2ggSEQAAAAAAAAAAAAAAAAAAADLaG3OSCsAAAAvGJIfUHJlZGljdGluZyB0aGUgZml4ICMxOERGRDA1LnBkZgAAAAAAAAAAAAAAAAAAAAAAAAAAAAAAAAAAAAAAAAAAAY39Bc1Tu/gAAAAAAAAAAAABAAIAAAkgAAAAAAAAAAAAAAAAAAAAB3NvZnRlbmcAABAACAAAy2hfvgAAABEACAAAzVOt6AAAAAEAFAAvGJIALxdbAC8WRgAFyHYAALlWAAIAW01hY2ludG9zaCBIRDpVc2VyczoAZ291c2lvc2c6AERvY3VtZW50czoAYmlibGlzdHM6AHNvZnRlbmc6AFByZWRpY3RpbmcgdGhlIGZpeCAjMThERkQwNS5wZGYAAA4ASgAkAFAAcgBlAGQAaQBjAHQAaQBuAGcAIAB0AGgAZQAgAGYAaQB4ACAAdABpAG0AZQAgAG8AZgAgAGIAdQBnAHMAMAAuAHAAZABmAA8AGgAMAE0AYQBjAGkAbgB0AG8AcwBoACAASABEABIATlVzZXJzL2dvdXNpb3NnL0RvY3VtZW50cy9iaWJsaXN0cy9zb2Z0ZW5nL1ByZWRpY3RpbmcgdGhlIGZpeCB0aW1lIG9mIGJ1Z3MwLnBkZgATAAEvAAAVAAIAD///AACABtIbHB0eWiRjbGFzc25hbWVYJGNsYXNzZXNdTlNNdXRhYmxlRGF0YaMdHyBWTlNEYXRhWE5TT2JqZWN00hscIiNcTlNEaWN0aW9uYXJ5oiIgXxAPTlNLZXllZEFyY2hpdmVy0SYnVHJvb3SAAQAIABEAGgAjAC0AMgA3AEAARgBNAFUAYABnAGoAbABuAHEAcwB1AHcAhACOALUAugDCAsYCyALNAtgC4QLvAvMC+gMDAwgDFQMYAyoDLQMyAAAAAAAAAgEAAAAAAAAAKAAAAAAAAAAAAAAAAAAAAzQ=},
	Pages = {52--56},
	Date-Added = {2013-02-27 12:34:34 +0000},
}

@inproceedings{Bird07,
	Publisher = {IEEE Computer Society},
	Isbn = {0-7695-2950-X},
	Date-Modified = {2009-06-24 23:02:04 +0300},
	Author = {Bird,, Christian and Gourley,, Alex and Devanbu,, Prem and Swaminathan,, Anand and Hsu,, Greta},
	Booktitle = {MSR '07: Proceedings of the Fourth International Workshop on Mining Software Repositories},
	Title = {Open Borders? {I}mmigration in Open Source Projects},
	Year = {2007},
	Address = {Washington, DC, USA},
	Bdsk-File-1 = {YnBsaXN0MDDUAQIDBAUGJCVYJHZlcnNpb25YJG9iamVjdHNZJGFyY2hpdmVyVCR0b3ASAAGGoKgHCBMUFRYaIVUkbnVsbNMJCgsMDxJXTlMua2V5c1pOUy5vYmplY3RzViRjbGFzc6INDoACgAOiEBGABIAFgAdccmVsYXRpdmVQYXRoWWFsaWFzRGF0YV8QNk9wZW4gQm9yZGVycz8gSW1taWdyYXRpb24gaW4gT3BlbiBTb3VyY2UgUHJvamVjdHMwLnBkZtIXCxgZV05TLmRhdGFPEQI2AAAAAAI2AAIAAAxNYWNpbnRvc2ggSEQAAAAAAAAAAAAAAAAAAADLaG3OSCsAAAAvGJIfT3BlbiBCb3JkZXJzPyBJbW1pZ3IjMkYxOTQwLnBkZgAAAAAAAAAAAAAAAAAAAAAAAAAAAAAAAAAAAAAAAAAAAC8ZQMXsUYkAAAAAAAAAAAABAAIAAAkgAAAAAAAAAAAAAAAAAAAAB3NvZnRlbmcAABAACAAAy2hfvgAAABEACAAAxexDeQAAAAEAFAAvGJIALxdbAC8WRgAFyHYAALlWAAIAW01hY2ludG9zaCBIRDpVc2VyczoAZ291c2lvc2c6AERvY3VtZW50czoAYmlibGlzdHM6AHNvZnRlbmc6AE9wZW4gQm9yZGVycz8gSW1taWdyIzJGMTk0MC5wZGYAAA4AbgA2AE8AcABlAG4AIABCAG8AcgBkAGUAcgBzAD8AIABJAG0AbQBpAGcAcgBhAHQAaQBvAG4AIABpAG4AIABPAHAAZQBuACAAUwBvAHUAcgBjAGUAIABQAHIAbwBqAGUAYwB0AHMAMAAuAHAAZABmAA8AGgAMAE0AYQBjAGkAbgB0AG8AcwBoACAASABEABIAYFVzZXJzL2dvdXNpb3NnL0RvY3VtZW50cy9iaWJsaXN0cy9zb2Z0ZW5nL09wZW4gQm9yZGVycz8gSW1taWdyYXRpb24gaW4gT3BlbiBTb3VyY2UgUHJvamVjdHMwLnBkZgATAAEvAAAVAAIAD///AACABtIbHB0eWiRjbGFzc25hbWVYJGNsYXNzZXNdTlNNdXRhYmxlRGF0YaMdHyBWTlNEYXRhWE5TT2JqZWN00hscIiNcTlNEaWN0aW9uYXJ5oiIgXxAPTlNLZXllZEFyY2hpdmVy0SYnVHJvb3SAAQAIABEAGgAjAC0AMgA3AEAARgBNAFUAYABnAGoAbABuAHEAcwB1AHcAhACOAMcAzADUAw4DEAMVAyADKQM3AzsDQgNLA1ADXQNgA3IDdQN6AAAAAAAAAgEAAAAAAAAAKAAAAAAAAAAAAAAAAAAAA3w=},
	Pages = {6},
	Date-Added = {2009-03-22 21:35:01 +0200},
}

@article{Rigby06,
	Date-Modified = {2013-02-25 16:02:42 +0000},
	Author = {Rigby, Peter C and German, Daniel M},
	Journal = {University of Victoria, Canada, Tech. Rep. DCS-305-IR},
	Title = {A preliminary examination of code review processes in open source projects},
	Year = {2006},
	Date-Added = {2013-02-25 16:02:37 +0000},
}

@inproceedings{Knuds76,
	Numpages = {6},
	Publisher = {IEEE Computer Society Press},
	Date-Modified = {2013-02-08 13:01:18 +0000},
	Author = {Knudsen, D. B. and Barofsky, A. and Satz, L. R.},
	Url = {http://dl.acm.org/citation.cfm?id=800253.807673},
	Series = {ICSE '76},
	Booktitle = {Proceedings of the 2nd international conference on Software engineering},
	Acmid = {807673},
	Bdsk-Url-1 = {http://dl.acm.org/citation.cfm?id=800253.807673},
	Keywords = {Project management, Software control, UNIX},
	Year = {1976},
	Title = {A Modification Request Control System},
	Location = {San Francisco, California, USA},
	Address = {Los Alamitos, CA, USA},
	Pages = {187--192},
	Date-Added = {2013-02-08 13:01:15 +0000},
}

@inproceedings{Weiss08,
	Publisher = {ACM},
	Isbn = {978-1-60558-024-1},
	Date-Modified = {2013-02-25 13:39:01 +0000},
	Author = {Wei{\ss}gerber,, Peter and Neu,, Daniel and Diehl,, Stephan},
	Booktitle = {MSR '08: Proceedings of the 2008 international working conference on Mining software repositories},
	Title = {Small patches get in!},
	Year = {2008},
	Location = {Leipzig, Germany},
	Address = {New York, NY, USA},
	Bdsk-File-1 = {YnBsaXN0MDDUAQIDBAUGJCVYJHZlcnNpb25YJG9iamVjdHNZJGFyY2hpdmVyVCR0b3ASAAGGoKgHCBMUFRYaIVUkbnVsbNMJCgsMDxJXTlMua2V5c1pOUy5vYmplY3RzViRjbGFzc6INDoACgAOiEBGABIAFgAdccmVsYXRpdmVQYXRoWWFsaWFzRGF0YV8QGlNtYWxsIHBhdGNoZXMgZ2V0IGluITAucGRm0hcLGBlXTlMuZGF0YU8RAdwAAAAAAdwAAgAADE1hY2ludG9zaCBIRAAAAAAAAAAAAAAAAAAAAMtobc5IKwAAAC8YkhpTbWFsbCBwYXRjaGVzIGdldCBpbiEwLnBkZgAAAAAAAAAAAAAAAAAAAAAAAAAAAAAAAAAAAAAAAAAAAAAAAAABie5oxe79agAAAAAAAAAAAAEAAgAACSAAAAAAAAAAAAAAAAAAAAAHc29mdGVuZwAAEAAIAADLaF++AAAAEQAIAADF7u9aAAAAAQAUAC8YkgAvF1sALxZGAAXIdgAAuVYAAgBWTWFjaW50b3NoIEhEOlVzZXJzOgBnb3VzaW9zZzoARG9jdW1lbnRzOgBiaWJsaXN0czoAc29mdGVuZzoAU21hbGwgcGF0Y2hlcyBnZXQgaW4hMC5wZGYADgA2ABoAUwBtAGEAbABsACAAcABhAHQAYwBoAGUAcwAgAGcAZQB0ACAAaQBuACEAMAAuAHAAZABmAA8AGgAMAE0AYQBjAGkAbgB0AG8AcwBoACAASABEABIARFVzZXJzL2dvdXNpb3NnL0RvY3VtZW50cy9iaWJsaXN0cy9zb2Z0ZW5nL1NtYWxsIHBhdGNoZXMgZ2V0IGluITAucGRmABMAAS8AABUAAgAP//8AAIAG0hscHR5aJGNsYXNzbmFtZVgkY2xhc3Nlc11OU011dGFibGVEYXRhox0fIFZOU0RhdGFYTlNPYmplY3TSGxwiI1xOU0RpY3Rpb25hcnmiIiBfEA9OU0tleWVkQXJjaGl2ZXLRJidUcm9vdIABAAgAEQAaACMALQAyADcAQABGAE0AVQBgAGcAagBsAG4AcQBzAHUAdwCEAI4AqwCwALgCmAKaAp8CqgKzAsECxQLMAtUC2gLnAuoC/AL/AwQAAAAAAAACAQAAAAAAAAAoAAAAAAAAAAAAAAAAAAADBg==},
	Pages = {67--76},
	Date-Added = {2009-03-24 22:12:42 +0200},
}

@inproceedings{Rigby08,
	Numpages = {10},
	Publisher = {ACM},
	Doi = {10.1145/1368088.1368162},
	Isbn = {978-1-60558-079-1},
	Date-Modified = {2013-03-01 20:22:45 +0000},
	Author = {Rigby, Peter C. and German, Daniel M. and Storey, Margaret-Anne},
	Url = {http://doi.acm.org/10.1145/1368088.1368162},
	Series = {ICSE '08},
	Booktitle = {Proceedings of the 30th international conference on Software engineering},
	Acmid = {1368162},
	Bdsk-Url-2 = {http://dx.doi.org/10.1145/1368088.1368162},
	Bdsk-Url-1 = {http://doi.acm.org/10.1145/1368088.1368162},
	Keywords = {inspection, mining software repositories (email), open source software, peer review},
	Year = {2008},
	Title = {Open source software peer review practices: a case study of the {A}pache server},
	Location = {Leipzig, Germany},
	Address = {New York, NY, USA},
	Pages = {541--550},
	Date-Added = {2013-02-25 15:48:34 +0000},
}

@article{Genue10,
	Doi = {10.1016/j.patrec.2010.03.014},
	Date-Modified = {2013-02-20 16:23:17 +0000},
	Author = {Robin Genuer and Jean-Michel Poggi and Christine Tuleau-Malot},
	Url = {http://www.sciencedirect.com/science/article/pii/S0167865510000954},
	Abstract = {This paper proposes, focusing on random forests, the increasingly used statistical method for classification and regression problems introduced by Leo Breiman in 2001, to investigate two classical issues of variable selection. The first one is to find important variables for interpretation and the second one is more restrictive and try to design a good parsimonious prediction model. The main contribution is twofold: to provide some experimental insights about the behavior of the variable importance index based on random forests and to propose a strategy involving a ranking of explanatory variables using the random forests score of importance and a stepwise ascending variable introduction strategy.},
	Issn = {0167-8655},
	Number = {14},
	Pages = {2225 - 2236},
	Volume = {31},
	Keywords = {High dimensional data},
	Title = {Variable selection using random forests},
	Year = {2010},
	Bdsk-File-1 = {YnBsaXN0MDDUAQIDBAUGJCVYJHZlcnNpb25YJG9iamVjdHNZJGFyY2hpdmVyVCR0b3ASAAGGoKgHCBMUFRYaIVUkbnVsbNMJCgsMDxJXTlMua2V5c1pOUy5vYmplY3RzViRjbGFzc6INDoACgAOiEBGABIAFgAdccmVsYXRpdmVQYXRoWWFsaWFzRGF0YV8QLFZhcmlhYmxlIHNlbGVjdGlvbiB1c2luZyByYW5kb20gZm9yZXN0czAucGRm0hcLGBlXTlMuZGF0YU8RAg4AAAAAAg4AAgAADE1hY2ludG9zaCBIRAAAAAAAAAAAAAAAAAAAAMtobc5IKwAAAC8YTh9WYXJpYWJsZSBzZWxlY3Rpb24gIzE4NjgwMDUucGRmAAAAAAAAAAAAAAAAAAAAAAAAAAAAAAAAAAAAAAAAAAABhoAFzUq3GwAAAAAAAAAAAAEAAgAACSAAAAAAAAAAAAAAAAAAAAAEbWlzYwAQAAgAAMtoX74AAAARAAgAAM1KqQsAAAABABQALxhOAC8XWwAvFkYABch2AAC5VgACAFhNYWNpbnRvc2ggSEQ6VXNlcnM6AGdvdXNpb3NnOgBEb2N1bWVudHM6AGJpYmxpc3RzOgBtaXNjOgBWYXJpYWJsZSBzZWxlY3Rpb24gIzE4NjgwMDUucGRmAA4AWgAsAFYAYQByAGkAYQBiAGwAZQAgAHMAZQBsAGUAYwB0AGkAbwBuACAAdQBzAGkAbgBnACAAcgBhAG4AZABvAG0AIABmAG8AcgBlAHMAdABzADAALgBwAGQAZgAPABoADABNAGEAYwBpAG4AdABvAHMAaAAgAEgARAASAFNVc2Vycy9nb3VzaW9zZy9Eb2N1bWVudHMvYmlibGlzdHMvbWlzYy9WYXJpYWJsZSBzZWxlY3Rpb24gdXNpbmcgcmFuZG9tIGZvcmVzdHMwLnBkZgAAEwABLwAAFQACAA///wAAgAbSGxwdHlokY2xhc3NuYW1lWCRjbGFzc2VzXU5TTXV0YWJsZURhdGGjHR8gVk5TRGF0YVhOU09iamVjdNIbHCIjXE5TRGljdGlvbmFyeaIiIF8QD05TS2V5ZWRBcmNoaXZlctEmJ1Ryb290gAEACAARABoAIwAtADIANwBAAEYATQBVAGAAZwBqAGwAbgBxAHMAdQB3AIQAjgC9AMIAygLcAt4C4wLuAvcDBQMJAxADGQMeAysDLgNAA0MDSAAAAAAAAAIBAAAAAAAAACgAAAAAAAAAAAAAAAAAAANK},
	Journal = {Pattern Recognition Letters},
	Date-Added = {2013-02-20 16:23:09 +0000},
}

@inproceedings{Ratzi07,
	Numpages = {15},
	Publisher = {Springer-Verlag},
	Isbn = {978-3-540-71288-6},
	Date-Modified = {2013-03-01 20:21:24 +0000},
	Author = {Ratzinger, Jacek and Pinzger, Martin and Gall, Harald},
	Url = {http://dl.acm.org/citation.cfm?id=1759394.1759399},
	Series = {FASE'07},
	Booktitle = {Proceedings of the 10th international conference on Fundamental approaches to software engineering},
	Acmid = {1759399},
	Bdsk-Url-1 = {http://dl.acm.org/citation.cfm?id=1759394.1759399},
	Keywords = {classification, defect density, machine learning, quality prediction, regression, software evolution},
	Year = {2007},
	Title = {{EQ}-mine: predicting short-term defects for software evolution},
	Location = {Braga, Portugal},
	Address = {Berlin, Heidelberg},
	Pages = {12--26},
	Date-Added = {2013-02-19 21:54:27 +0000},
}

@inproceedings{Bird09,
	Date-Modified = {2009-06-24 23:02:42 +0300},
	Author = {Christian Bird and Peter C. Rigby and Earl T. Barr and David J. Hamilton and Daniel M. German and Prem Devanbu},
	Booktitle = {MSR '09: Proceedings of the 6th IEEE Intl. Working Conference on Mining Software Repositories},
	Title = {The Promises and Perils of Mining {G}it},
	Year = {2009},
	Editor = {Godfrey, M. W. and Whitehead, J},
	Address = {Vancouver, Canada},
	Bdsk-File-1 = {YnBsaXN0MDDUAQIDBAUGJCVYJHZlcnNpb25YJG9iamVjdHNZJGFyY2hpdmVyVCR0b3ASAAGGoKgHCBMUFRYaIVUkbnVsbNMJCgsMDxJXTlMua2V5c1pOUy5vYmplY3RzViRjbGFzc6INDoACgAOiEBGABIAFgAdccmVsYXRpdmVQYXRoWWFsaWFzRGF0YV8QKlRoZSBQcm9taXNlcyBhbmQgUGVyaWxzIG9mIE1pbmluZyBHaXQwLnBkZtIXCxgZV05TLmRhdGFPEQISAAAAAAISAAIAAAxNYWNpbnRvc2ggSEQAAAAAAAAAAAAAAAAAAADLaG3OSCsAAAAvGJIfVGhlIFByb21pc2VzIGFuZCBQZXIjMkYxOTdBLnBkZgAAAAAAAAAAAAAAAAAAAAAAAAAAAAAAAAAAAAAAAAAAAC8ZesYvbs4AAAAAAAAAAAABAAIAAAkgAAAAAAAAAAAAAAAAAAAAB3NvZnRlbmcAABAACAAAy2hfvgAAABEACAAAxi9SrgAAAAEAFAAvGJIALxdbAC8WRgAFyHYAALlWAAIAW01hY2ludG9zaCBIRDpVc2VyczoAZ291c2lvc2c6AERvY3VtZW50czoAYmlibGlzdHM6AHNvZnRlbmc6AFRoZSBQcm9taXNlcyBhbmQgUGVyIzJGMTk3QS5wZGYAAA4AVgAqAFQAaABlACAAUAByAG8AbQBpAHMAZQBzACAAYQBuAGQAIABQAGUAcgBpAGwAcwAgAG8AZgAgAE0AaQBuAGkAbgBnACAARwBpAHQAMAAuAHAAZABmAA8AGgAMAE0AYQBjAGkAbgB0AG8AcwBoACAASABEABIAVFVzZXJzL2dvdXNpb3NnL0RvY3VtZW50cy9iaWJsaXN0cy9zb2Z0ZW5nL1RoZSBQcm9taXNlcyBhbmQgUGVyaWxzIG9mIE1pbmluZyBHaXQwLnBkZgATAAEvAAAVAAIAD///AACABtIbHB0eWiRjbGFzc25hbWVYJGNsYXNzZXNdTlNNdXRhYmxlRGF0YaMdHyBWTlNEYXRhWE5TT2JqZWN00hscIiNcTlNEaWN0aW9uYXJ5oiIgXxAPTlNLZXllZEFyY2hpdmVy0SYnVHJvb3SAAQAIABEAGgAjAC0AMgA3AEAARgBNAFUAYABnAGoAbABuAHEAcwB1AHcAhACOALsAwADIAt4C4ALlAvAC+QMHAwsDEgMbAyADLQMwA0IDRQNKAAAAAAAAAgEAAAAAAAAAKAAAAAAAAAAAAAAAAAAAA0w=},
	Pages = {1--10},
	Date-Added = {2009-05-26 15:05:12 +0300},
}

@inproceedings{Girba04,
	Doi = {10.1109/ICSM.2004.1357788},
	Date-Modified = {2013-02-21 12:32:25 +0000},
	Author = {Girba, T. and Ducasse, S. and Lanza, M.},
	Booktitle = {Software Maintenance, 2004. Proceedings. 20th IEEE International Conference on},
	Issn = {1063-6773},
	Month = {sept.},
	Keywords = {Application software;History;Object oriented programming;Reverse engineering;Software measurement;Software systems; configuration management; data flow analysis; object-oriented programming; reverse engineering; Yesterdays Weather; history measurements; object-oriented programming; object-oriented software systems; program understanding; reengineering efforts; reverse engineering; software evolution; system source code;},
	Title = {Yesterday's Weather: guiding early reverse engineering efforts by summarizing the evolution of changes},
	Year = {2004},
	Bdsk-File-1 = {YnBsaXN0MDDUAQIDBAUGJCVYJHZlcnNpb25YJG9iamVjdHNZJGFyY2hpdmVyVCR0b3ASAAGGoKgHCBMUFRYaIVUkbnVsbNMJCgsMDxJXTlMua2V5c1pOUy5vYmplY3RzViRjbGFzc6INDoACgAOiEBGABIAFgAdccmVsYXRpdmVQYXRoWWFsaWFzRGF0YV8Qalllc3RlcmRheSdzIFdlYXRoZXIgZ3VpZGluZyBlYXJseSByZXZlcnNlIGVuZ2luZWVyaW5nIGVmZm9ydHMgYnkgc3VtbWFyaXppbmcgdGhlIGV2b2x1dGlvbiBvZiBjaGFuZ2VzMC5wZGbSFwsYGVdOUy5kYXRhTxEC0gAAAAAC0gACAAAMTWFjaW50b3NoIEhEAAAAAAAAAAAAAAAAAAAAy2htzkgrAAAALxiSH1llc3RlcmRheSdzIFdlYXRoZXIjMTg3NTMyNS5wZGYAAAAAAAAAAAAAAAAAAAAAAAAAAAAAAAAAAAAAAAAAAAGHUyXNS9KGAAAAAAAAAAAAAQACAAAJIAAAAAAAAAAAAAAAAAAAAAdzb2Z0ZW5nAAAQAAgAAMtoX74AAAARAAgAAM1LxHYAAAABABQALxiSAC8XWwAvFkYABch2AAC5VgACAFtNYWNpbnRvc2ggSEQ6VXNlcnM6AGdvdXNpb3NnOgBEb2N1bWVudHM6AGJpYmxpc3RzOgBzb2Z0ZW5nOgBZZXN0ZXJkYXkncyBXZWF0aGVyIzE4NzUzMjUucGRmAAAOANYAagBZAGUAcwB0AGUAcgBkAGEAeQAnAHMAIABXAGUAYQB0AGgAZQByACAAZwB1AGkAZABpAG4AZwAgAGUAYQByAGwAeQAgAHIAZQB2AGUAcgBzAGUAIABlAG4AZwBpAG4AZQBlAHIAaQBuAGcAIABlAGYAZgBvAHIAdABzACAAYgB5ACAAcwB1AG0AbQBhAHIAaQB6AGkAbgBnACAAdABoAGUAIABlAHYAbwBsAHUAdABpAG8AbgAgAG8AZgAgAGMAaABhAG4AZwBlAHMAMAAuAHAAZABmAA8AGgAMAE0AYQBjAGkAbgB0AG8AcwBoACAASABEABIAlFVzZXJzL2dvdXNpb3NnL0RvY3VtZW50cy9iaWJsaXN0cy9zb2Z0ZW5nL1llc3RlcmRheSdzIFdlYXRoZXIgZ3VpZGluZyBlYXJseSByZXZlcnNlIGVuZ2luZWVyaW5nIGVmZm9ydHMgYnkgc3VtbWFyaXppbmcgdGhlIGV2b2x1dGlvbiBvZiBjaGFuZ2VzMC5wZGYAEwABLwAAFQACAA///wAAgAbSGxwdHlokY2xhc3NuYW1lWCRjbGFzc2VzXU5TTXV0YWJsZURhdGGjHR8gVk5TRGF0YVhOU09iamVjdNIbHCIjXE5TRGljdGlvbmFyeaIiIF8QD05TS2V5ZWRBcmNoaXZlctEmJ1Ryb290gAEACAARABoAIwAtADIANwBAAEYATQBVAGAAZwBqAGwAbgBxAHMAdQB3AIQAjgD7AQABCAPeA+AD5QPwA/kEBwQLBBIEGwQgBC0EMARCBEUESgAAAAAAAAIBAAAAAAAAACgAAAAAAAAAAAAAAAAAAARM},
	Pages = {40 - 49},
	Date-Added = {2013-02-21 12:32:20 +0000},
}

@inproceedings{GS12,
	Publisher = {IEEE},
	doi = {10.1109/MSR.2012.6224294},
	Author = {Georgios Gousios and Diomidis Spinellis},
	SlideshareEmbed = "13184524",
	Booktitle = {{MSR} '12: Proceedings of the 9th Working Conference on Mining Software Repositories},
	Title = {{GHT}orrent: {G}it{H}ub's Data from a Firehose},
	abstract = {A common requirement of many empirical software engineering studies is the acquisition and curation of data from software repositories. During the last few years, GitHub has emerged as a popular project hosting, mirroring and collaboration platform. GitHub provides an extensive REST API, which enables researchers to retrieve both the commits to the projects’ repositories and events generated through user actions on project resources. GHTorrent aims to create a scalable off line mirror of GitHub’s event streams and persistent data, and offer it to the research community as a service. In this paper, we present the project’s design and initial implementation and demonstrate how the provided datasets can be queried and processed.},
	Month = jun,
	ISSN = {2160-1852},
	url = {/pub/ghtorrent-githubs-data-from-a-firehose.pdf}
,
	Location = {Zurich, Switzerland},
	Year = 2012,
	Pages = {12--21},
	Editor = {Michael W. Godfrey and Jim Whitehead},
}

@inproceedings{Dabbi12,
	Numpages = {10},
	Publisher = {ACM},
	Doi = {10.1145/2145204.2145396},
	Isbn = {978-1-4503-1086-4},
	Date-Modified = {2013-03-01 20:19:19 +0000},
	Author = {Dabbish, Laura and Stuart, Colleen and Tsay, Jason and Herbsleb, Jim},
	Url = {http://doi.acm.org/10.1145/2145204.2145396},
	Series = {CSCW '12},
	Booktitle = {Proceedings of the ACM 2012 conference on Computer Supported Cooperative Work},
	Acmid = {2145396},
	Keywords = {awareness, collaboration, coordination, open source software development, social computing, transparency},
	Year = {2012},
	Title = {Social coding in {G}itHub: transparency and collaboration in an open software repository},
	Location = {Seattle, Washington, USA},
	Address = {New York, NY, USA},
	Bdsk-File-1 = {YnBsaXN0MDDUAQIDBAUGJCVYJHZlcnNpb25YJG9iamVjdHNZJGFyY2hpdmVyVCR0b3ASAAGGoKgHCBMUFRYaIVUkbnVsbNMJCgsMDxJXTlMua2V5c1pOUy5vYmplY3RzViRjbGFzc6INDoACgAOiEBGABIAFgAdccmVsYXRpdmVQYXRoWWFsaWFzRGF0YV8QWlNvY2lhbCBjb2RpbmcgaW4gR2l0SHViIHRyYW5zcGFyZW5jeSBhbmQgY29sbGFib3JhdGlvbiBpbiBhbiBvcGVuIHNvZnR3YXJlIHJlcG9zaXRvcnkwLnBkZtIXCxgZV05TLmRhdGFPEQKiAAAAAAKiAAIAAAxNYWNpbnRvc2ggSEQAAAAAAAAAAAAAAAAAAADLaG3OSCsAAAAvGJIfU29jaWFsIGNvZGluZyBpbiBHaSMxMEJBMUYyLnBkZgAAAAAAAAAAAAAAAAAAAAAAAAAAAAAAAAAAAAAAAAAAAQuh8szdZBwAAAAAAAAAAAABAAIAAAkgAAAAAAAAAAAAAAAAAAAAB3NvZnRlbmcAABAACAAAy2hfvgAAABEACAAAzN1WDAAAAAEAFAAvGJIALxdbAC8WRgAFyHYAALlWAAIAW01hY2ludG9zaCBIRDpVc2VyczoAZ291c2lvc2c6AERvY3VtZW50czoAYmlibGlzdHM6AHNvZnRlbmc6AFNvY2lhbCBjb2RpbmcgaW4gR2kjMTBCQTFGMi5wZGYAAA4AtgBaAFMAbwBjAGkAYQBsACAAYwBvAGQAaQBuAGcAIABpAG4AIABHAGkAdABIAHUAYgAgAHQAcgBhAG4AcwBwAGEAcgBlAG4AYwB5ACAAYQBuAGQAIABjAG8AbABsAGEAYgBvAHIAYQB0AGkAbwBuACAAaQBuACAAYQBuACAAbwBwAGUAbgAgAHMAbwBmAHQAdwBhAHIAZQAgAHIAZQBwAG8AcwBpAHQAbwByAHkAMAAuAHAAZABmAA8AGgAMAE0AYQBjAGkAbgB0AG8AcwBoACAASABEABIAhFVzZXJzL2dvdXNpb3NnL0RvY3VtZW50cy9iaWJsaXN0cy9zb2Z0ZW5nL1NvY2lhbCBjb2RpbmcgaW4gR2l0SHViIHRyYW5zcGFyZW5jeSBhbmQgY29sbGFib3JhdGlvbiBpbiBhbiBvcGVuIHNvZnR3YXJlIHJlcG9zaXRvcnkwLnBkZgATAAEvAAAVAAIAD///AACABtIbHB0eWiRjbGFzc25hbWVYJGNsYXNzZXNdTlNNdXRhYmxlRGF0YaMdHyBWTlNEYXRhWE5TT2JqZWN00hscIiNcTlNEaWN0aW9uYXJ5oiIgXxAPTlNLZXllZEFyY2hpdmVy0SYnVHJvb3SAAQAIABEAGgAjAC0AMgA3AEAARgBNAFUAYABnAGoAbABuAHEAcwB1AHcAhACOAOsA8AD4A54DoAOlA7ADuQPHA8sD0gPbA+AD7QPwBAIEBQQKAAAAAAAAAgEAAAAAAAAAKAAAAAAAAAAAAAAAAAAABAw=},
	Pages = {1277--1286},
	Date-Added = {2012-11-29 18:12:37 +0000},
}

@inproceedings{Pham13,
	Date-Modified = {2013-03-01 20:22:17 +0000},
	Author = {Pham, Raphael and Singer, Leif and Liskin, Olga and Figueira Filho, Fernando and Schneider, Kurt},
	Url = {http://se.uni-hannover.de/pub/File/pdfpapers/Pham2012.pdf},
	Abstract = {Many software development projects struggle with creating and communicating
	a testing culture that is appropriate for the project's needs. This
	may degrade software quality by leaving defects undiscovered. Previous
	research suggests that social coding sites such as GitHub provide
	a collaborative environment with a high degree of social transparency.
	This makes developers' actions and interactions more visible and
	trackable.
	
	We conducted interviews with 33 active users of GitHub to investigate
	how the increased transparency found on GitHub in- fluences developers'
	testing behaviors. Subsequently, we validated our findings with an
	online questionnaire that was answered by 569 members of GitHub.
	We found several strategies that software developers and managers
	can use to positively influence the testing behavior in their projects.
	However, project owners on GitHub may not be aware of them. We report
	on the challenges and risks this creates and suggest guidelines for
	promoting a sustainable testing culture in software development projects.},
	Title = {Creating a shared understanding of testing culture on a social coding site},
	Year = {2013},
	Bdsk-File-1 = {YnBsaXN0MDDUAQIDBAUGJCVYJHZlcnNpb25YJG9iamVjdHNZJGFyY2hpdmVyVCR0b3ASAAGGoKgHCBMUFRYaIVUkbnVsbNMJCgsMDxJXTlMua2V5c1pOUy5vYmplY3RzViRjbGFzc6INDoACgAOiEBGABIAFgAdccmVsYXRpdmVQYXRoWWFsaWFzRGF0YV8QT0NyZWF0aW5nIGEgU2hhcmVkIFVuZGVyc3RhbmRpbmcgb2YgVGVzdGluZyBDdWx0dXJlIG9uIGEgU29jaWFsIENvZGluZyBTaXRlMC5wZGbSFwsYGVdOUy5kYXRhTxECggAAAAACggACAAAMTWFjaW50b3NoIEhEAAAAAAAAAAAAAAAAAAAAy2htzkgrAAAALxiSH0NyZWF0aW5nIGEgU2hhcmVkIFUjMTU5RjY5MC5wZGYAAAAAAAAAAAAAAAAAAAAAAAAAAAAAAAAAAAAAAAAAAAFZ9pDNLX2uAAAAAAAAAAAAAQACAAAJIAAAAAAAAAAAAAAAAAAAAAdzb2Z0ZW5nAAAQAAgAAMtoX74AAAARAAgAAM0tb54AAAABABQALxiSAC8XWwAvFkYABch2AAC5VgACAFtNYWNpbnRvc2ggSEQ6VXNlcnM6AGdvdXNpb3NnOgBEb2N1bWVudHM6AGJpYmxpc3RzOgBzb2Z0ZW5nOgBDcmVhdGluZyBhIFNoYXJlZCBVIzE1OUY2OTAucGRmAAAOAKAATwBDAHIAZQBhAHQAaQBuAGcAIABhACAAUwBoAGEAcgBlAGQAIABVAG4AZABlAHIAcwB0AGEAbgBkAGkAbgBnACAAbwBmACAAVABlAHMAdABpAG4AZwAgAEMAdQBsAHQAdQByAGUAIABvAG4AIABhACAAUwBvAGMAaQBhAGwAIABDAG8AZABpAG4AZwAgAFMAaQB0AGUAMAAuAHAAZABmAA8AGgAMAE0AYQBjAGkAbgB0AG8AcwBoACAASABEABIAeVVzZXJzL2dvdXNpb3NnL0RvY3VtZW50cy9iaWJsaXN0cy9zb2Z0ZW5nL0NyZWF0aW5nIGEgU2hhcmVkIFVuZGVyc3RhbmRpbmcgb2YgVGVzdGluZyBDdWx0dXJlIG9uIGEgU29jaWFsIENvZGluZyBTaXRlMC5wZGYAABMAAS8AABUAAgAP//8AAIAG0hscHR5aJGNsYXNzbmFtZVgkY2xhc3Nlc11OU011dGFibGVEYXRhox0fIFZOU0RhdGFYTlNPYmplY3TSGxwiI1xOU0RpY3Rpb25hcnmiIiBfEA9OU0tleWVkQXJjaGl2ZXLRJidUcm9vdIABAAgAEQAaACMALQAyADcAQABGAE0AVQBgAGcAagBsAG4AcQBzAHUAdwCEAI4A4ADlAO0DcwN1A3oDhQOOA5wDoAOnA7ADtQPCA8UD1wPaA98AAAAAAAACAQAAAAAAAAAoAAAAAAAAAAAAAAAAAAAD4Q==},
	Booktitle = {Proceedings of the 35th International Conference on Software Engineering (to appear)},
	Date-Added = {2013-01-29 12:27:04 +0000},
}

@article{Bird09a,
	Numpages = {9},
	Publisher = {ACM},
	Issue_Date = {August 2009},
	Doi = {10.1145/1536616.1536639},
	Date-Modified = {2013-03-01 20:17:28 +0000},
	Author = {Bird, Christian and Nagappan, Nachiappan and Devanbu, Premkumar and Gall, Harald and Murphy, Brendan},
	Url = {http://doi.acm.org/10.1145/1536616.1536639},
	Journal = {Commun. ACM},
	Acmid = {1536639},
	Number = {8},
	Month = aug,
	Volume = {52},
	Issn = {0001-0782},
	Title = {Does distributed development affect software quality?: an empirical case study of {W}indows {V}ista},
	Year = {2009},
	Address = {New York, NY, USA},
	Bdsk-File-1 = {YnBsaXN0MDDUAQIDBAUGJCVYJHZlcnNpb25YJG9iamVjdHNZJGFyY2hpdmVyVCR0b3ASAAGGoKgHCBMUFRYaIVUkbnVsbNMJCgsMDxJXTlMua2V5c1pOUy5vYmplY3RzViRjbGFzc6INDoACgAOiEBGABIAFgAdccmVsYXRpdmVQYXRoWWFsaWFzRGF0YV8QY0RvZXMgZGlzdHJpYnV0ZWQgZGV2ZWxvcG1lbnQgYWZmZWN0IHNvZnR3YXJlIHF1YWxpdHk/IGFuIGVtcGlyaWNhbCBjYXNlIHN0dWR5IG9mIFdpbmRvd3MgVmlzdGEwLnBkZtIXCxgZV05TLmRhdGFPEQK+AAAAAAK+AAIAAAxNYWNpbnRvc2ggSEQAAAAAAAAAAAAAAAAAAADLaG3OSCsAAAAvGJIfRG9lcyBkaXN0cmlidXRlZCBkZSMxNkU5RjlCLnBkZgAAAAAAAAAAAAAAAAAAAAAAAAAAAAAAAAAAAAAAAAAAAW6fm805WQAAAAAAAAAAAAABAAIAAAkgAAAAAAAAAAAAAAAAAAAAB3NvZnRlbmcAABAACAAAy2hfvgAAABEACAAAzTlK8AAAAAEAFAAvGJIALxdbAC8WRgAFyHYAALlWAAIAW01hY2ludG9zaCBIRDpVc2VyczoAZ291c2lvc2c6AERvY3VtZW50czoAYmlibGlzdHM6AHNvZnRlbmc6AERvZXMgZGlzdHJpYnV0ZWQgZGUjMTZFOUY5Qi5wZGYAAA4AyABjAEQAbwBlAHMAIABkAGkAcwB0AHIAaQBiAHUAdABlAGQAIABkAGUAdgBlAGwAbwBwAG0AZQBuAHQAIABhAGYAZgBlAGMAdAAgAHMAbwBmAHQAdwBhAHIAZQAgAHEAdQBhAGwAaQB0AHkAPwAgAGEAbgAgAGUAbQBwAGkAcgBpAGMAYQBsACAAYwBhAHMAZQAgAHMAdAB1AGQAeQAgAG8AZgAgAFcAaQBuAGQAbwB3AHMAIABWAGkAcwB0AGEAMAAuAHAAZABmAA8AGgAMAE0AYQBjAGkAbgB0AG8AcwBoACAASABEABIAjVVzZXJzL2dvdXNpb3NnL0RvY3VtZW50cy9iaWJsaXN0cy9zb2Z0ZW5nL0RvZXMgZGlzdHJpYnV0ZWQgZGV2ZWxvcG1lbnQgYWZmZWN0IHNvZnR3YXJlIHF1YWxpdHk/IGFuIGVtcGlyaWNhbCBjYXNlIHN0dWR5IG9mIFdpbmRvd3MgVmlzdGEwLnBkZgAAEwABLwAAFQACAA///wAAgAbSGxwdHlokY2xhc3NuYW1lWCRjbGFzc2VzXU5TTXV0YWJsZURhdGGjHR8gVk5TRGF0YVhOU09iamVjdNIbHCIjXE5TRGljdGlvbmFyeaIiIF8QD05TS2V5ZWRBcmNoaXZlctEmJ1Ryb290gAEACAARABoAIwAtADIANwBAAEYATQBVAGAAZwBqAGwAbgBxAHMAdQB3AIQAjgD0APkBAQPDA8UDygPVA94D7APwA/cEAAQFBBIEFQQnBCoELwAAAAAAAAIBAAAAAAAAACgAAAAAAAAAAAAAAAAAAAQx},
	Pages = {85--93},
	Date-Added = {2013-02-08 12:04:03 +0000},
}

@article{Crows05,
	Date-Modified = {2009-03-27 14:52:59 +0200},
	Author = {K. Crowston and J. Howison},
	Journal = {Firstmonday},
	Title = {The social structure of free and open source software development},
	Number = {2},
	Volume = {10},
	Year = {2005},
	Bdsk-File-1 = {YnBsaXN0MDDUAQIDBAUGJCVYJHZlcnNpb25YJG9iamVjdHNZJGFyY2hpdmVyVCR0b3ASAAGGoKgHCBMUFRYaIVUkbnVsbNMJCgsMDxJXTlMua2V5c1pOUy5vYmplY3RzViRjbGFzc6INDoACgAOiEBGABIAFgAdccmVsYXRpdmVQYXRoWWFsaWFzRGF0YV8QRlRoZSBzb2NpYWwgc3RydWN0dXJlIG9mIGZyZWUgYW5kIG9wZW4gc291cmNlIHNvZnR3YXJlIGRldmVsb3BtZW50MC5wZGbSFwsYGVdOUy5kYXRhTxECZgAAAAACZgACAAAMTWFjaW50b3NoIEhEAAAAAAAAAAAAAAAAAAAAy2htzkgrAAAALxiSH1RoZSBzb2NpYWwgc3RydWN0dXIjMTg2Q0U1Ny5wZGYAAAAAAAAAAAAAAAAAAAAAAAAAAAAAAAAAAAAAAAAAAAGGzlfNSwBmAAAAAAAAAAAAAQACAAAJIAAAAAAAAAAAAAAAAAAAAAdzb2Z0ZW5nAAAQAAgAAMtoX74AAAARAAgAAM1K8lYAAAABABQALxiSAC8XWwAvFkYABch2AAC5VgACAFtNYWNpbnRvc2ggSEQ6VXNlcnM6AGdvdXNpb3NnOgBEb2N1bWVudHM6AGJpYmxpc3RzOgBzb2Z0ZW5nOgBUaGUgc29jaWFsIHN0cnVjdHVyIzE4NkNFNTcucGRmAAAOAI4ARgBUAGgAZQAgAHMAbwBjAGkAYQBsACAAcwB0AHIAdQBjAHQAdQByAGUAIABvAGYAIABmAHIAZQBlACAAYQBuAGQAIABvAHAAZQBuACAAcwBvAHUAcgBjAGUAIABzAG8AZgB0AHcAYQByAGUAIABkAGUAdgBlAGwAbwBwAG0AZQBuAHQAMAAuAHAAZABmAA8AGgAMAE0AYQBjAGkAbgB0AG8AcwBoACAASABEABIAcFVzZXJzL2dvdXNpb3NnL0RvY3VtZW50cy9iaWJsaXN0cy9zb2Z0ZW5nL1RoZSBzb2NpYWwgc3RydWN0dXJlIG9mIGZyZWUgYW5kIG9wZW4gc291cmNlIHNvZnR3YXJlIGRldmVsb3BtZW50MC5wZGYAEwABLwAAFQACAA///wAAgAbSGxwdHlokY2xhc3NuYW1lWCRjbGFzc2VzXU5TTXV0YWJsZURhdGGjHR8gVk5TRGF0YVhOU09iamVjdNIbHCIjXE5TRGljdGlvbmFyeaIiIF8QD05TS2V5ZWRBcmNoaXZlctEmJ1Ryb290gAEACAARABoAIwAtADIANwBAAEYATQBVAGAAZwBqAGwAbgBxAHMAdQB3AIQAjgDXANwA5ANOA1ADVQNgA2kDdwN7A4IDiwOQA50DoAOyA7UDugAAAAAAAAIBAAAAAAAAACgAAAAAAAAAAAAAAAAAAAO8},
	Date-Added = {2009-03-27 14:52:17 +0200},
}

@inproceedings{Barr12,
	Publisher = {Springer},
	Date-Modified = {2013-03-01 20:16:51 +0000},
	Author = {Earl T. Barr and Christian Bird and Peter C. Rigby and Abram Hindle and Daniel M. German and Premkumar Devanbu},
	Abstract = {The adoption of distributed version control (DVC), such as Git and Mercurial, in open-source software (OSS) projects has been explosive. Why is this and how are projects using DVC? This new generation of version control supports two important new features: distributed repositories and histories that preserve branches and merges. Through interviews with lead developers in OSS projects and a quantitative analysis of mined data from the histories of sixty project, we find that the vast majority of the projects now using DVC continue to use a centralized model of code sharing, while using branching much more extensively than before their transition to DVC. We then examine the Linux history in depth in an effort to understand and evaluate how branches are used and what benefits they provide. We find that they enable natural collaborative processes: DVC branching allows developers to collaborate on tasks in highly cohesive branches, while enjoying reduced interference from developers working on other tasks, even if those tasks are strongly coupled to theirs.},
	Title = {Cohesive and Isolated Development with Branches},
	Year = {2012},
	Bdsk-File-1 = {YnBsaXN0MDDUAQIDBAUGJCVYJHZlcnNpb25YJG9iamVjdHNZJGFyY2hpdmVyVCR0b3ASAAGGoKgHCBMUFRYaIVUkbnVsbNMJCgsMDxJXTlMua2V5c1pOUy5vYmplY3RzViRjbGFzc6INDoACgAOiEBGABIAFgAdccmVsYXRpdmVQYXRoWWFsaWFzRGF0YV8QNENvaGVzaXZlIGFuZCBJc29sYXRlZCBEZXZlbG9wbWVudCB3aXRoIEJyYW5jaGVzMC5wZGbSFwsYGVdOUy5kYXRhTxECMAAAAAACMAACAAAMTWFjaW50b3NoIEhEAAAAAAAAAAAAAAAAAAAAy2htzkgrAAAALxiSH0NvaGVzaXZlIGFuZCBJc29sYXQjMTBCRDExRi5wZGYAAAAAAAAAAAAAAAAAAAAAAAAAAAAAAAAAAAAAAAAAAAEL0R/M3WbGAAAAAAAAAAAAAQACAAAJIAAAAAAAAAAAAAAAAAAAAAdzb2Z0ZW5nAAAQAAgAAMtoX74AAAARAAgAAMzdWLYAAAABABQALxiSAC8XWwAvFkYABch2AAC5VgACAFtNYWNpbnRvc2ggSEQ6VXNlcnM6AGdvdXNpb3NnOgBEb2N1bWVudHM6AGJpYmxpc3RzOgBzb2Z0ZW5nOgBDb2hlc2l2ZSBhbmQgSXNvbGF0IzEwQkQxMUYucGRmAAAOAGoANABDAG8AaABlAHMAaQB2AGUAIABhAG4AZAAgAEkAcwBvAGwAYQB0AGUAZAAgAEQAZQB2AGUAbABvAHAAbQBlAG4AdAAgAHcAaQB0AGgAIABCAHIAYQBuAGMAaABlAHMAMAAuAHAAZABmAA8AGgAMAE0AYQBjAGkAbgB0AG8AcwBoACAASABEABIAXlVzZXJzL2dvdXNpb3NnL0RvY3VtZW50cy9iaWJsaXN0cy9zb2Z0ZW5nL0NvaGVzaXZlIGFuZCBJc29sYXRlZCBEZXZlbG9wbWVudCB3aXRoIEJyYW5jaGVzMC5wZGYAEwABLwAAFQACAA///wAAgAbSGxwdHlokY2xhc3NuYW1lWCRjbGFzc2VzXU5TTXV0YWJsZURhdGGjHR8gVk5TRGF0YVhOU09iamVjdNIbHCIjXE5TRGljdGlvbmFyeaIiIF8QD05TS2V5ZWRBcmNoaXZlctEmJ1Ryb290gAEACAARABoAIwAtADIANwBAAEYATQBVAGAAZwBqAGwAbgBxAHMAdQB3AIQAjgDFAMoA0gMGAwgDDQMYAyEDLwMzAzoDQwNIA1UDWANqA20DcgAAAAAAAAIBAAAAAAAAACgAAAAAAAAAAAAAAAAAAAN0},
	Booktitle = {Proceedings of the International Conference on Fundamental Approaches to Software Engineering},
	Date-Added = {2012-03-21 11:35:09 +0000},
}

@article{Gumm06,
	Doi = {10.1109/MS.2006.122},
	Date-Modified = {2013-02-08 11:29:57 +0000},
	Author = {Gumm, D.C.},
	Pages = {45 -51},
	Abstract = {For many economic and technological reasons, companies are increasingly conducting projects on a global level. Global projects are highly distributed, with experts from different companies, countries, and continents working together. Such distribution requires new techniques for project coordination, document management, and communication. Distribution complexities include various project types - such as global, interorganizational, or open source software projects - that is distributed in different ways and face particular challenges. A literature-based taxonomy identifies four distribution dimensions in distributed software development. A case study illustrates their application in a real-world development project},
	Issn = {0740-7459},
	Number = {5},
	Month = {sept.-oct.},
	Volume = {23},
	Keywords = {Application software;Asynchronous communication;Communication system control;Continents;Cultural differences;Open source software;Programming;Project management;Software development management;Taxonomy;project management;software development management;distributed software development;document management;software project coordination;CommSy;case study;distributed development;global software development;requirements engineering;},
	Title = {Distribution Dimensions in Software Development Projects: A Taxonomy},
	Year = {2006},
	Bdsk-File-1 = {YnBsaXN0MDDUAQIDBAUGJCVYJHZlcnNpb25YJG9iamVjdHNZJGFyY2hpdmVyVCR0b3ASAAGGoKgHCBMUFRYaIVUkbnVsbNMJCgsMDxJXTlMua2V5c1pOUy5vYmplY3RzViRjbGFzc6INDoACgAOiEBGABIAFgAdccmVsYXRpdmVQYXRoWWFsaWFzRGF0YV8QSERpc3RyaWJ1dGlvbiBEaW1lbnNpb25zIGluIFNvZnR3YXJlIERldmVsb3BtZW50IFByb2plY3RzIEEgVGF4b25vbXkwLnBkZtIXCxgZV05TLmRhdGFPEQJsAAAAAAJsAAIAAAxNYWNpbnRvc2ggSEQAAAAAAAAAAAAAAAAAAADLaG3OSCsAAAAvGJIfRGlzdHJpYnV0aW9uIERpbWVucyMxNzBFNkI4LnBkZgAAAAAAAAAAAAAAAAAAAAAAAAAAAAAAAAAAAAAAAAAAAXDmuM06nvUAAAAAAAAAAAABAAIAAAkgAAAAAAAAAAAAAAAAAAAAB3NvZnRlbmcAABAACAAAy2hfvgAAABEACAAAzTqQ5QAAAAEAFAAvGJIALxdbAC8WRgAFyHYAALlWAAIAW01hY2ludG9zaCBIRDpVc2VyczoAZ291c2lvc2c6AERvY3VtZW50czoAYmlibGlzdHM6AHNvZnRlbmc6AERpc3RyaWJ1dGlvbiBEaW1lbnMjMTcwRTZCOC5wZGYAAA4AkgBIAEQAaQBzAHQAcgBpAGIAdQB0AGkAbwBuACAARABpAG0AZQBuAHMAaQBvAG4AcwAgAGkAbgAgAFMAbwBmAHQAdwBhAHIAZQAgAEQAZQB2AGUAbABvAHAAbQBlAG4AdAAgAFAAcgBvAGoAZQBjAHQAcwAgAEEAIABUAGEAeABvAG4AbwBtAHkAMAAuAHAAZABmAA8AGgAMAE0AYQBjAGkAbgB0AG8AcwBoACAASABEABIAclVzZXJzL2dvdXNpb3NnL0RvY3VtZW50cy9iaWJsaXN0cy9zb2Z0ZW5nL0Rpc3RyaWJ1dGlvbiBEaW1lbnNpb25zIGluIFNvZnR3YXJlIERldmVsb3BtZW50IFByb2plY3RzIEEgVGF4b25vbXkwLnBkZgATAAEvAAAVAAIAD///AACABtIbHB0eWiRjbGFzc25hbWVYJGNsYXNzZXNdTlNNdXRhYmxlRGF0YaMdHyBWTlNEYXRhWE5TT2JqZWN00hscIiNcTlNEaWN0aW9uYXJ5oiIgXxAPTlNLZXllZEFyY2hpdmVy0SYnVHJvb3SAAQAIABEAGgAjAC0AMgA3AEAARgBNAFUAYABnAGoAbABuAHEAcwB1AHcAhACOANkA3gDmA1YDWANdA2gDcQN/A4MDigOTA5gDpQOoA7oDvQPCAAAAAAAAAgEAAAAAAAAAKAAAAAAAAAAAAAAAAAAAA8Q=},
	Journal = {Software, IEEE},
	Date-Added = {2013-02-08 11:29:47 +0000},
}

@article{Jeong09,
	Date-Modified = {2013-02-20 09:06:15 +0000},
	Author = {Jeong, Gaeul and Kim, Sunghun and Zimmermann, Thomas and Yi, Kwangkeun},
	Journal = {Research on Software Analysis for Error-free Computing Center Tech-Memo (ROSAEC MEMO)},
	Title = {Improving code review by predicting reviewers and acceptance of patches},
	Year = {2009},
	Date-Added = {2013-02-20 09:06:11 +0000},
}

