@inproceedings{GPD14,
  Author = {Georgios Gousios and Martin Pinzger and Arie van Deursen},
  Month = Jun,
  Title = {An exploration of the pull-based software development model},
  Year = 2014,
  Note = {To appear at ICSE 2014}
}

@inproceedings{Gousi13,
  author = {Gousios, Georgios},
  title = {The {GHT}orrent dataset and tool suite},
  booktitle = {Proceedings of the Working Conference on Mining Software
    Repositories},
  series = {MSR '13},
  year = {2013},
  isbn = {978-1-4673-2936-1},
  pages = {233--236},
  numpages = {4},
  url = {http://dl.acm.org/citation.cfm?id=2487085.2487132},
  acmid = {2487132},
  publisher = {IEEE}
} 

@inproceedings{Baysa12,
	Author = {Baysal, Olga and Holmes, Reid and Godfrey, Michael W},
	Booktitle = {Proc. Working Conf. on Mining Software Repositories (MSR)},
	Title = {Mining usage data and development artifacts},
	Year = {2012},
	Organization = {IEEE},
	Pages = {98--107},
}

@inproceedings{Dabbi12,
	Numpages = {10},
	Publisher = {ACM},
	Doi = {10.1145/2145204.2145396},
	Author = {Dabbish, Laura and Stuart, Colleen and Tsay, Jason and Herbsleb, Jim},
	Url = {http://doi.acm.org/10.1145/2145204.2145396},
	Booktitle = {Proc. Conf. on Computer Supported Cooperative Work (CSCW)},
	Year = {2012},
	Title = {Social coding in {G}itHub: transparency and collaboration in an open software repository},
	Pages = {1277--1286}
}

@inproceedings{Pham13,
	Numpages = {10},
	Publisher = {IEEE},
	Isbn = {978-1-4673-3076-3},
	Author = {Pham, Raphael and Singer, Leif and Liskin, Olga and Figueira Filho, Fernando and Schneider, Kurt},
	Url = {http://dl.acm.org/citation.cfm?id=2486788.2486804},
	Booktitle = {Proc. Int'l Conf on Software Engineering (ICSE)},
	Acmid = {2486804},
	Year = {2013},
	Title = {Creating a shared understanding of testing culture on a social coding site},
	Pages = {112--121},
}

@inproceedings{GPD14,
  Author = {Georgios Gousios and Martin Pinzger and Arie van Deursen},
  Month = Jun,
  Title = {An exploration of the pull-based software development model},
  Year = 2014,
  Note = {To appear at ICSE 2014}
}

@inproceedings{Gousi13,
  author = {Gousios, Georgios},
  title = {The {GHT}orrent dataset and tool suite},
  booktitle = {Proc. Working Conf. on Mining Software
    Repositories (MSR)},
  year = {2013},
  isbn = {978-1-4673-2936-1},
  pages = {233--236},
  numpages = {4},
  url = {http://dl.acm.org/citation.cfm?id=2487085.2487132},
  acmid = {2487132},
  publisher = {IEEE}
} 

@inproceedings{Baysa12,
	Author = {Baysal, Olga and Holmes, Reid and Godfrey, Michael W},
	Booktitle = {Proc. Working Conf. on Mining Software Repositories (MSR)},
	Title = {Mining usage data and development artifacts},
	Year = {2012},
	Organization = {IEEE},
	Pages = {98--107},
}

@inproceedings{Dabbi12,
	Numpages = {10},
	Publisher = {ACM},
	Doi = {10.1145/2145204.2145396},
	Author = {Dabbish, Laura and Stuart, Colleen and Tsay, Jason and Herbsleb, Jim},
	Url = {http://doi.acm.org/10.1145/2145204.2145396},
	Booktitle = {Proc. Conf. on Computer Supported Cooperative Work (CSCW)},
	Year = {2012},
	Title = {Social coding in {G}itHub: transparency and collaboration in an open software repository},
	Pages = {1277--1286}
}

@inproceedings{Pham13,
	Numpages = {10},
	Publisher = {IEEE},
	Isbn = {978-1-4673-3076-3},
	Author = {Pham, Raphael and Singer, Leif and Liskin, Olga and Figueira Filho, Fernando and Schneider, Kurt},
	Url = {http://dl.acm.org/citation.cfm?id=2486788.2486804},
	Booktitle = {Proc. Int'l Conf. on Software Engineering (ICSE)},
	Acmid = {2486804},
	Year = {2013},
	Title = {Creating a shared understanding of testing culture on a social coding site},
	Pages = {112--121},
}

@inproceedings{Giger10,
	Numpages = {5},
	Publisher = {ACM},
	Doi = {10.1145/1808920.1808933},
	Isbn = {978-1-60558-974-9},
	Author = {Giger, Emanuel and Pinzger, Martin and Gall, Harald},
	Url = {http://doi.acm.org/10.1145/1808920.1808933},
	Booktitle = {Proc. Int'l Workshop on Recommendation Systems for Software Engineering (RSSE)},
	Acmid = {1808933},
	Year = {2010},
	Title = {Predicting the fix time of bugs},
	Pages = {52--56},
}


@inproceedings{Mukad13,
	Acmid = {2487095},
	Author = {Mukadam, Murtuza and Bird, Christian and Rigby, Peter C.},
	Booktitle = {Proc. Working Conf. on Mining Software Repositories (MSR)},
	Isbn = {978-1-4673-2936-1},
	Numpages = {4},
	Pages = {45--48},
	Publisher = {IEEE},
	Title = {Gerrit Software Code Review Data from Android},
	Url = {http://dl.acm.org/citation.cfm?id=2487085.2487095},
	Year = {2013}
}


@inproceedings{Hamas13,
	Acmid = {2487096},
	Author = {Hamasaki, Kazuki and Kula, Raula Gaikovina and Yoshida, Norihiro and Cruz, A. E. Camargo and Fujiwara, Kenji and Iida, Hajimu},
	Booktitle = {Proc. Working Conf. on Mining Software Repositories (MSR)},
	Isbn = {978-1-4673-2936-1},
	Numpages = {4},
	Pages = {49--52},
	Publisher = {IEEE},
	Title = {Who Does What During a Code Review? Datasets of {OSS} Peer Review Repositories},
	Url = {http://dl.acm.org/citation.cfm?id=2487085.2487096},
	Year = {2013}
}


	Booktitle = {Proc. Int'l Workshop on Recommendation Systems for Software Engineering (RSSE)},
	Acmid = {1808933},
	Year = {2010},
	Title = {Predicting the fix time of bugs},
	Pages = {52--56},
}


@inproceedings{Mukad13,
	Acmid = {2487095},
	Author = {Mukadam, Murtuza and Bird, Christian and Rigby, Peter C.},
	Booktitle = {Proceedings of the Working Conference on Mining Software Repositories},
	Isbn = {978-1-4673-2936-1},
	Numpages = {4},
	Pages = {45--48},
	Publisher = {IEEE},
	Series = {MSR '13},
	Title = {Gerrit Software Code Review Data from Android},
	Url = {http://dl.acm.org/citation.cfm?id=2487085.2487095},
	Year = {2013}
}


@inproceedings{Hamas13,
	Acmid = {2487096},
	Author = {Hamasaki, Kazuki and Kula, Raula Gaikovina and Yoshida, Norihiro and Cruz, A. E. Camargo and Fujiwara, Kenji and Iida, Hajimu},
	Booktitle = {Proceedings of the Working Conference on Mining Software Repositories},
	Isbn = {978-1-4673-2936-1},
	Numpages = {4},
	Pages = {49--52},
	Publisher = {IEEE},
	Series = {MSR '13},
	Title = {Who Does What During a Code Review? Datasets of OSS Peer Review Repositories},
	Url = {http://dl.acm.org/citation.cfm?id=2487085.2487096},
	Year = {2013}
}

